4054 6194
242 366 350 423 745

1698 362 1927 419 SEllMO
1963 360 2137 417 CVIII.

3411 360 3511 412 πη

242 490 414 533 autem
445 481 836 547 perseveraverit
881 493 1038 549 usque
1074 479 1126 532 in
1155 478 1331 547 finem,
1379 476 1460 531 hic
1500 476 1670 529 salvus
1721 475 1817 526 erit
1846 476 1897 537 Α
1922 471 2150 541 Spiritus
2188 469 2391 524 consilii
2440 477 2489 522 et
2531 468 2871 540 fortitudinis,
2918 466 3145 537 Spiritus
3199 468 3427 523 scicntiw
3464 485 3514 524 et

243 569 440 640 (lare.
476 569 647 637 nix).
671 567 809 622 Dicit
835 581 964 636 ergo
992 568 1251 623 Dominus
1283 585 1295 619 :
1330 564 1454 621 Non
1480 565 1672 619 habent
1690 564 1827 635 quod

242 660 577 724 manducent,
606 661 731 730 quia
761 659 931 728 legem
962 676 1069 714 non
1094 661 1327 725 habent;
1360 666 1416 717 et
1461 658 1714 713 dimittere
1741 672 1826 711 eos

243 752 449 824 jejunos
494 742 649 816 nolo;
690 767 757 805 ne
806 751 1053 820 deﬁciant
1082 753 1133 805 in
1155 752 1233 805 via
1256 750 1468 820 (Matth.
1500 748 1621 817 xv);
1652 756 1710 802 ut
1737 746 1827 815 qui

243 860 339 914 per
369 844 529 898 ﬁdem
555 843 751 898 Christi
778 842 1141 908 crediderunt,
1172 858 1270 912 per
1312 843 1471 897 tidem
1502 840 1699 897 Christi
1724 839 1829 894 sal-

246 942 522 988 varentur.
574 929 798 999 Quidam
842 942 1014 986 autem
1053 948 1119 987 ea:
1159 933 1239 987 his
1281 931 1344 987 de
1388 931 1539 1001 longe
1559 936 1823 983 venerunt.

245 1023 435 1092 Longe
479 1023 624 1077 enim
651 1030 808 1077 erant
834 1032 1023 1090 gentes
1052 1038 1082 1075 a
1111 1023 1243 1086 Deo,
1272 1020 1501 1077 errando
1530 1035 1627 1088 per
1653 1018 1826 1081 idola;

244 1123 301 1168 et
339 1112 506 1167 modo
562 1112 736 1167 omnis
764 1112 855 1180 qui
886 1119 1072 1181 peccat
1119 1111 1276 1179 longe
1317 1118 1400 1165 est
1427 1125 1458 1163 a
1484 1110 1614 1163 Deo.
1640 1108 1831 1161 Dicunt

243 1203 493 1273 discipuli
522 1201 637 1270 ejus
663 1220 677 1257 :
714 1202 864 1257 Unde
911 1203 1037 1258 istos
1066 1203 1176 1272 quis
1205 1202 1391 1271 poterit
1417 1211 1653 1256 saturare
1676 1200 1829 1270 pani-

244 1292 337 1349 bus
359 1293 415 1345 in
435 1292 709 1346 solitudine
738 1290 961 1362 (lbid.)?
989 1291 1173 1345 Adhuc
1205 1290 1477 1359 apostolos
1505 1291 1723 1344 tenebat
1751 1291 1832 1344 in-

244 1382 559 1445 credulitas,
590 1381 762 1435 donec
791 1380 1044 1451 mysteria
1083 1380 1468 1443 revelarentur,
1516 1394 1616 1433 nec
1650 1394 1832 1435 recor-

245 1472 515 1527 dabantur
534 1470 676 1539 quod
706 1468 906 1525 fecerat
929 1471 997 1524 de
1024 1470 1261 1540 quinque
1290 1470 1517 1538 panibus
1543 1477 1598 1523 et
1625 1469 1832 1524 duobus

244 1560 501 1630 piscibus.
522 1559 587 1615 Et
608 1561 935 1631 interrogavit
957 1577 1041 1616 eos
1069 1561 1223 1616 .lesus
1243 1569 1363 1631 quot
1388 1577 1546 1631 panes
1566 1560 1828 1615 haberent.

247 1648 348 1713 Qui
372 1650 633 1714 dixerunt,
662 1660 881 1719 septem;
904 1660 952 1704 et
979 1652 1221 1722 praecepit
1250 1651 1413 1706 turba:
1446 1660 1501 1704 ut
1546 1651 1832 1705 discumbe-

245 1748 360 1793 rent
390 1756 546 1810 super
567 1748 778 1793 terram.
813 1739 878 1792 Et
920 1742 1177 1810 accipiens
1205 1758 1409 1811 panem,
1440 1742 1635 1812 gratias
1662 1742 1763 1812 egit
1782 1750 1833 1794 et

1926 559 2151 628 pietatis,
2172 566 2222 612 et
2237 557 2447 629 replebit
2460 574 2573 611 eum
2594 557 2792 628 Spiritu
2809 557 3006 610 timoris
3026 557 3234 612 Domini
3248 557 3303 630 (I
3310 560 3385 613 sai
3394 566 3510 626 .xn).

1927 649 2005 705 lbi
2024 649 2305 704 duodecim
2323 648 2541 718 cOphini
2568 649 2711 719 pleni
2733 647 2936 719 Spiritu
2955 659 3175 714 sancto;
3204 650 3289 704 hic
3309 661 3512 721 septem

1929 739 2198 803 Ecclesia,
2224 739 2339 794 sive
2366 746 2575 810 septem
2596 738 2917 795 candelabra
2950 754 3131 793 aurea.
3163 739 3238 795 lbi
3268 740 3375 797 duo
3403 742 3513 811 pis-

1929 846 2037 897 ces,
2069 831 2160 901 qui
2189 839 2314 885 sunt
2341 829 2449 884 duo
2480 829 2842 895 Testamenta,
2885 831 2998 885 sive
3027 847 3165 886 unus
3221 832 3356 887 liber
3395 849 3513 887 om-

1930 923 2075 979 nium
2104 921 2510 993 prophetarum,
2542 921 2628 976 vel
2657 920 2716 975 S.
2764 920 2984 977 Joannis
3032 922 3367 995 praedicatio;
3428 924 3515 978 hic

1930 1012 2241 1075 indelinitus
2292 1027 2547 1067 numerus
2600 1013 2838 1084 ponitur,
2877 1014 2969 1084 qui
2996 1025 3120 1069 sunt
3147 1014 3287 1068 dona
3315 1016 3510 1083 gratia-

1931 1121 2068 1166 rum,
2100 1104 2239 1161 sicut
2286 1104 2362 1157 ait
2399 1103 2690 1174 Apostolus
2726 1120 2739 1161 ;
2771 1104 2875 1157 Alii
2914 1121 3005 1175 per
3046 1104 3301 1176 Spiritum
3358 1105 3512 1159 datur

1930 1214 2097 1252 sermo
2144 1198 2433 1268 sapientiw,
2477 1198 2571 1253 alii
2608 1214 2776 1251 sermo
2820 1199 3069 1261 scientite,
3101 1200 3193 1261 alii
3221 1200 3510 1270 prophetia,

1931 1288 2022 1342 alii
2041 1304 2228 1359 genera
2244 1288 2555 1357 linguarum,
2570 1287 2663 1340 alii
2685 1288 3038 1357 interpretatio
3055 1305 3376 1345 sermonum:
3398 1307 3511 1344 ont—

1931 1379 2021 1432 nia
2045 1380 2152 1437 hazc
2176 1385 2419 1449 aperatur
2437 1395 2569 1432 unus
2597 1389 2748 1449 atque
2768 1378 2903 1432 idem
2929 1377 3156 1447 Spiritus
3184 1379 3235 1450 (1
3253 1378 3374 1435 Cor.
3394 1380 3510 1451 xu).

1932 1468 2005 1523 lbi
2035 1485 2198 1539 super
2241 1467 2417 1525 fenum
2465 1470 2801 1535 recumbunt,
2847 1477 2903 1523 et
2947 1469 3035 1531 hic
3081 1484 3243 1539 super
3289 1477 3505 1525 terram.

1936 1555 2195 1627 Utrinque
2224 1573 2324 1612 una
2347 1558 2704 1623 conversatio,
2732 1573 2834 1615 una
2854 1558 3046 1627 gratia,
3071 1574 3175 1613 una
3200 1560 3388 1625 virtus,
3408 1576 3511 1617 una

1933 1650 2132 1704 Deitas.
2164 1649 2242 1705 lbi
2262 1665 2421 1719 supra
2450 1648 2629 1704 fenum
2659 1650 3016 1716 discumbunt,
3048 1651 3153 1707 hoc
3180 1661 3263 1706 est
3287 1652 3512 1707 mortiﬁ-

1932 1748 2051 1794 cata
2074 1755 2237 1809 opera
2257 1740 2452 1806 carnis,
2473 1741 2599 1808 quia
2620 1741 2785 1794 omnis
2814 1757 2935 1795 caro
2960 1743 3156 1812 fenum,
3183 1743 3258 1796 ait
3277 1744 3511 1814 prophe-

245 1830 386 1882 dedit
409 1830 675 1899 discipulis
705 1831 828 1895 suis,
862 1838 915 1882 ut
944 1838 1279 1900 opponerent.
1304 1829 1375 1884 Et
1399 1833 1564 1901 pisces
1592 1831 1827 1886 similiter
1859 1838 1905 1900 Β
1932 1838 1984 1884 ta
2013 1829 2168 1899 (Isai.
2198 1830 2322 1900 ιι.);
2348 1831 2437 1885 hic
2472 1846 2633 1899 supra
2662 1838 2862 1885 terram
2907 1830 3270 1900 discumbunt,
3325 1834 3379 1889 id
3429 1842 3512 1890 est

247 1918 529 1983 benedixit,
557 1930 606 1972 et
630 1921 801 1989 posuit
838 1929 958 1973 ante
986 1920 1128 1974 illos.
1173 1919 1244 1974 Et
1273 1922 1728 1987 manducaverunt,
1777 1930 1827 1976 et

244 2009 468 2062 saurati
505 2017 642 2075 sunt,
698 2018 749 2063 et
792 2009 1107 2064 sustulerunt
1145 2018 1335 2074 septem
1384 2019 1585 2080 sportas
1625 2009 1820 2080 plenas.

244 2098 415 2151 Erant
436 2108 605 2152 autem
626 2100 713 2170 qui
741 2099 1176 2153 manducaverunt
1203 2101 1351 2171 quasi
1380 2108 1599 2171 quatuor
1642 2100 1825 2161 millia,

243 2202 395 2245 extra
433 2192 672 2245 mulieres
692 2202 740 2246 et
758 2193 986 2263 infantes
1008 2189 1219 2263 (Ibid.).
1248 2190 1316 2246 Et
1342 2192 1567 2246 virtutes
1612 2191 1828 2260 quidem

244 2282 458 2336 Domini
488 2282 918 2338 manifestissime
964 2282 1231 2338 credimus
1274 2298 1394 2338 esse
1416 2282 1584 2337 factas
1612 2283 1665 2336 in
1692 2296 1831 2351 pra:-

243 2373 412 2438 scnti;
444 2373 537 2427 sed
566 2372 692 2443 quid
716 2373 881 2427 lateat
907 2372 961 2427 in
1008 2373 1264 2443 mysterio
1302 2372 1466 2443 ipsius
1512 2371 1685 2441 gratia
1733 2370 1832 2426 do-

243 2472 412 2517 nante
438 2464 792 2532 requiramus.

317 2555 377 2611 ln
427 2556 691 2625 superiori
730 2556 873 2609 enim
903 2554 1137 2610 lectione
1164 2554 1231 2609 de
1258 2555 1495 2623 quinque
1521 2553 1750 2624 panibus
1777 2561 1832 2608 et

244 2648 455 2703 duobus
507 2648 742 2717 piscibus
795 2647 1031 2716 quinque
1059 2646 1224 2700 millia
1264 2646 1541 2700 hominum
1569 2644 1783 2699 satiavit
1813 2662 1826 2697 :

245 2738 338 2792 hic
387 2744 596 2807 septem
643 2738 870 2806 panibus
919 2738 1175 2792 saturavit
1204 2746 1435 2807 quatuor
1461 2737 1627 2791 millia
1654 2736 1829 2792 homi-

244 2842 396 2882 num.
422 2827 497 2881 lbi
523 2827 764 2898 discipuli
810 2836 1100 2897 suggerunt
1127 2828 1374 2894 Domino,
1405 2827 1684 2882 dicentes:
1734 2826 1834 2882 Lo-

245 2935 336 2971 cus
356 2918 586 2971 desertus
612 2926 707 2983 est,
756 2928 806 2972 et
853 2918 981 2973 hora
1007 2920 1276 2988 prazteriit,
1308 2919 1511 2973 dimitte
1557 2918 1751 2985 turbas,
1782 2928 1833 2974 et

245 3017 421 3064 rantes
445 3010 499 3063 in
520 3010 730 3063 castella
754 3019 926 3063 emant
955 3010 1049 3065 sibi
1076 3028 1220 3065 escas
1250 3010 1462 3082 (Ibid.).
1491 3010 1590 3067 llic
1618 3012 1831 3082 penitus

247 3106 429 3156 tacent
454 3099 728 3170 discipuli;
760 3100 853 3155 sed
881 3101 996 3173 ipse
1024 3101 1282 3156 Dominus
1310 3116 1409 3171 pro
1437 3102 1517 3156 eis
1569 3101 1829 3156 sollicitus

1929 1932 2094 1986 opera
2119 1925 2335 1972 terrena
2356 1918 2695 1973 conculcant.
2721 1918 2796 1973 lbi
2826 1919 3066 1990 quinque
3088 1921 3255 1977 millia
3301 1921 3509 1988 reiecti,

1928 2008 2019 2078 qui
2050 2024 2302 2063 numerus
2322 2008 2555 2081 pertinet
2574 2008 2640 2064 ad
2664 2007 2911 2075 Juducos;
2941 2025 3066 2064 nam
3096 2020 3218 2082 post
3244 2012 3511 2068 ascensio-

1932 2115 2054 2154 nem
2083 2098 2316 2165 Domini,
2348 2100 2602 2169 loquente
2652 2098 2831 2166 Petro,
2886 2102 3124 2171 quinque
3169 2104 3334 2159 millia
3386 2113 3509 2160 sunt

1929 2191 2211 2261 baptizati;
2243 2190 2329 2246 hic
2355 2199 2534 2245 autem
2562 2198 2795 2260 quatuor
2822 2192 3007 2255 millia,
3040 2193 3145 2249 hoc
3192 2202 3275 2248 est
3302 2194 3369 2251 de
3399 2204 3508 2253 tota

1930 2289 2074 2335 terra
2095 2296 2283 2335 omnes
2303 2289 2488 2347 gentes
2517 2296 2546 2334 a
2572 2290 2806 2349 quatuor
2833 2280 3138 2337 cardinibus
3163 2284 3282 2339 cmli
3312 2284 3380 2339 de
3424 2301 3503 2340 sc-

1929 2371 2200 2444 ptit‘ormis
2219 2372 2449 2443 Spiritus
2468 2372 2638 2440 gratia
2668 2387 2788 2427 esse
2814 2372 3046 2442 repletas
3069 2374 3122 2427 in
3154 2374 3317 2429 vitam
3354 2384 3515 2431 teter-

1932 2481 2076 2527 nam.
2109 2464 2177 2518 Et
2202 2465 2341 2529 ideo,
2372 2463 2726 2527 dilectissimi,
2774 2479 2871 2518 nos
2898 2464 2989 2531 qui
3016 2479 3124 2519 non
3169 2480 3267 2535 per
3312 2465 3505 2534 legem,

1930 2557 2025 2611 sed
2047 2572 2145 2626 per
2170 2555 2326 2609 iidem
2356 2554 2622 2609 credimus
2650 2555 2705 2609 in
2732 2553 2960 2609 Domino
2988 2563 3174 2610 nostro
3200 2555 3326 2611 Jesu
3356 2556 3505 2612 Chri~

1930 2654 2040 2715 sto,
2068 2646 2159 2715 qui
2189 2661 2293 2700 non
2315 2660 2381 2699 ex
2413 2644 2683 2713 operibus,
2706 2643 2801 2699 sed
2850 2644 2962 2713 ipsa
2990 2646 3159 2713 gratia
3186 2662 3371 2701 sumus
3422 2662 3506 2702 re-

1930 2739 2164 2809 dempti;
2194 2738 2287 2807 qui
2315 2752 2422 2790 non
2450 2751 2519 2791 ex
2539 2736 2777 2806 quinque
2801 2737 3046 2805 panibus,
3078 2737 3131 2791 id
3158 2747 3241 2792 est
3267 2754 3333 2792 ex
3360 2740 3517 2807 quin-

1933 2847 2039 2901 que
2068 2829 2217 2885 libris
2261 2828 2451 2899 Moysi,
2492 2828 2586 2883 sed
2615 2843 2683 2882 ex
2728 2826 3026 2897 septiformi
3064 2830 3235 2898 gratia
3283 2829 3512 2901 Spiritus

1935 2921 2109 2977 sancti
2130 2934 2316 2975 sumus
2344 2919 2556 2988 repleti,
2577 2918 2714 2974 sicut
2734 2920 2925 2974 beatus
2950 2918 3115 2974 Isaias
3155 2921 3507 2991 prophetave~

1935 3020 2020 3068 rat
2046 3013 2228 3067 dicens
2253 3029 2265 3043 ο
2299 3010 2529 3081 Spiritus
2556 3010 2826 3081 sapientia!
2852 3020 2899 3065 et
2926 3011 3234 3075 intellectus,
3286 3012 3510 3082 Spiritus

1933 3103 2137 3157 consilii
2162 3108 2212 3155 et
2240 3100 2582 3172 fortitudinis,
2614 3099 2841 3169 Spiritus
2864 3102 3093 3154 scientiae
3123 3112 3172 3155 et
3210 3104 3435 3172 pietatis,
3463 3114 3511 3158 et

246 3203 353 3250 est.
371 3196 530 3271 672
547 3195 834 3251 Videamus
861 3211 1028 3265 quare
1048 3204 1248 3251 tacent.
1274 3194 1409 3261 Quia
1439 3195 1664 3250 necdum
1680 3195 1825 3249 missi
1855 3203 1898 3263 ρ
1934 3189 2145 3262 replebit
2160 3191 2307 3244 illum
2328 3188 2538 3259 Spiritu
2561 3189 2760 3242 timoris
2780 3188 2992 3243 Domini
3022 3190 3177 3261 (Isai.
3204 3193 3311 3263 x1);
3336 3194 3389 3248 in
3410 3195 3513 3250 hac

246 3286 461 3342 inerant
490 3288 776 3358 praedicare
803 3289 1068 3357 gentibus,
1096 3288 1190 3343 scd
1236 3289 1414 3357 potius
1457 3287 1521 3340 ad
1552 3302 1680 3341 oves
1705 3301 1826 3356 per—

252 3378 389 3433 ditas
416 3378 606 3433 domus
626 3378 805 3434 Israel.
840 3378 993 3434 Prior
1036 3393 1165 3448 ergo
1195 3380 1281 3433 illa
1312 3378 1565 3448 parabola
1595 3378 1829 3447 pertinet

248 3469 317 3523 ad
364 3468 602 3535 Judatos;
651 3470 751 3523 ista
799 3485 927 3524 vero
956 3470 1020 3523 ad
1062 3478 1268 3538 gentes.
1296 3469 1373 3523 lbi
1399 3470 1634 3539 quinque
1665 3484 1828 3537 (anes

241 3558 479 3630 fuerant,
509 3558 611 3614 hoc
632 3567 712 3613 est
732 3560 967 3628 quinque
995 3559 1114 3613 libri
1137 3559 1330 3629 Moysi;
1362 3560 1447 3614 hic
1472 3574 1602 3613 vero
1620 3567 1826 3630 septem

246 3664 433 3719 panes,
480 3651 571 3719 qui
622 3659 746 3705 sunt
791 3651 1117 3721 septiformis
1145 3650 1376 3721 Spiritus
1404 3651 1565 3718 dona,
1587 3652 1726 3706 sicut
1753 3652 1829 3705 ait

249 3748 307 3795 δ.
338 3738 503 3797 Isaias
530 3742 791 3812 propheta
818 3760 830 3794 :
862 3741 1091 3797 Sviritus
1123 3742 1392 3812 sapientia:
1429 3751 1476 3795 et
1518 3742 1824 3807 intellectus,

1932 3295 2061 3349 ergo
2106 3278 2429 3348 septiformis
2481 3276 2712 3347 Spiritus
2739 3279 2911 3347 gratia
2950 3296 3283 3347 maneamus,
3323 3283 3377 3339 in
3404 3298 3509 3353 qua

1932 3368 2109 3425 vocati
2129 3382 2332 3435 sumus,
2361 3365 2551 3435 repleti
2579 3363 2723 3420 dono
2746 3364 2977 3435 Spiritus
3005 3370 3175 3423 sancti
3206 3386 3304 3440 per
3332 3372 3510 3427 1)οωί-

1934 3477 2061 3517 num
2090 3467 2332 3515 nostrum
2356 3456 2538 3512 Jesum
2564 3456 2856 3524 Christum,
2887 3459 2978 3528 qui
3004 3459 3137 3514 vivit
3164 3469 3219 3515 et
3246 3470 3434 3530 regnat
3456 3463 3509 3522 in

1934 3558 2138 3611 unitate
2164 3552 2395 3623 Spiritus
2423 3550 2593 3606 sancti
2622 3549 2765 3606 Deus
2791 3565 2890 3620 per
2922 3551 3101 3607 omnia
3130 3554 3319 3608 saecula
3339 3569 3507 3609 δέρους

1931 3648 2126 3702 lorum.
2158 3643 2347 3698 Amen.

1542 3869 1559 3889 .
1614 3833 1881 3896 SERMO
1923 3828 2138 3896 CVIII.

1547 3932 1624 3988 De
1646 3934 1855 3988 muliere
1882 3932 2199 3986 Chanauaza.

1686 4018 2075 4079 ADMONITIO.

320 4111 379 4166 In
408 4111 593 4166 codice
612 4110 862 4165 Chisiano
890 4112 1174 4165 chartaceo
1203 4110 1385 4164 saeculi
1411 4125 1496 4175 xv,
1520 4125 1699 4164 sermo
1727 4126 1888 4179 quem
1918 4123 2065 4164 num.
2095 4120 2218 4161 cvm
2267 4101 2563 4171 vulgamus,
2594 4109 2781 4155 saneto
2810 4099 3042 4157 Maximo
3064 4103 3330 4159 tribuitur.

251 4200 796 4259 Ancuusuruu.‘—De
834 4217 1025 4272 magna
1065 4201 1290 4272 mulieris
1344 4199 1658 4272 Chanamea.’
1701 4200 1825 4272 ﬁde,

320 4272 591 4341 patientia,
626 4269 941 4325 humilitate:
975 4272 1119 4324 Sicut
1146 4271 1239 4324 illa
1267 4270 1731 4341 permansit/irata
1771 4269 1826 4341 in

318 4337 577 4407 oratione,
620 4341 694 4395 sic
742 4358 833 4398 nos
880 4337 1275 4411 perseveremus
1304 4341 1358 4393 in
1404 4337 1639 4394 omnibus
1680 4337 1829 4392 bonis

319 4410 581 4483 operibus.

320 4562 444 4619 Istte
483 4557 725 4621 civitates
768 4563 836 4617 ad
884 4577 1016 4633 quas
1054 4561 1313 4617 Dominus
1353 4562 1501 4618 venit
1528 4562 1830 4631 signiﬁcant

246 4655 395 4715 hunc
422 4652 698 4718 mundum,
729 4653 781 4708 in
810 4669 918 4725 quo
944 4652 1201 4708 Dominus
1228 4652 1374 4708 venit
1398 4668 1498 4723 pro
1538 4659 1721 4709 nostra
1745 4666 1831 4707 sa-

245 4747 384 4813 lute,
439 4753 502 4801 ut
538 4760 639 4801 nos
688 4745 944 4800 liberaret
986 4744 1054 4799 de
1096 4751 1367 4814 potestate
1388 4742 1606 4798 diaboli.
1638 4740 1707 4796 Et
1731 4742 1832 4796 ista

246 4841 446 4898 mulier
474 4836 737 4911 signiﬁcat
762 4845 1001 4893 sanctam
1020 4835 1318 4892 Ecclesiam
1338 4834 1406 4893 de
1427 4834 1676 4905 gentibus
1697 4849 1831 4889 con-

244 4940 548 5008 gregatam.
578 4932 684 4989 Ista
719 4931 910 4986 mulier
938 4936 1227 4999 propterea
1254 4935 1481 4984 vocatur
1508 4926 1829 4995 Chananzea,

244 5026 379 5095 quia
399 5032 516 5080 erat
538 5031 664 5078 nata
692 5022 760 5077 de
785 5022 954 5093 stirpe
972 5020 1248 5086 Chanaan,
1271 5019 1365 5089 qui
1392 5017 1491 5073 fuit
1532 5018 1671 5073 illius
1698 5016 1830 5082 Noe,

244 5114 342 5180 qui
374 5114 474 5169 fuit
499 5113 813 5170 maledictus
845 5128 875 5167 a
926 5119 1097 5183 patre.
1150 5109 1443 5167 Audiamus
1470 5108 1598 5179 quid
1639 5107 1836 5163 clamat

243 5205 371 5261 lucc
397 5204 591 5259 mulier
618 5211 741 5276 post
767 5203 1072 5258 Dominum.
1105 5200 1355 5256 Miserere
1380 5201 1498 5267 mei,
1529 5200 1609 5270 ﬁli
1644 5197 1833 5258 David,

242 5297 369 5366 ﬁlia
396 5312 511 5353 mea
537 5296 673 5353 male
692 5312 724 5349 a
745 5295 1000 5350 damtonio
1038 5302 1253 5348 uexantr
1283 5291 1498 5365 (Matth.
1533 5293 1646 5362 xv).
1694 5290 1836 5346 Tan-

249 5394 365 5443 tam
403 5384 566 5443 iidem
616 5386 807 5441 habuit
849 5384 1042 5441 mulier
1062 5384 1184 5448 ista,
1207 5392 1269 5441 ut
1294 5399 1402 5439 non
1430 5382 1653 5441 duceret
1673 5381 1836 5436 ﬁliam

243 5492 409 5533 suam
433 5491 619 5533 secum
661 5476 729 5531 ad
775 5474 1080 5543 Dominum,
1111 5490 1211 5531 nec
1240 5474 1483 5531 invitavit
1508 5488 1630 5533 eum
1660 5480 1720 5527 ut
1744 5487 1838 5527 ve-

244 5567 397 5623 niret
423 5566 491 5622 ad
510 5582 648 5632 eam,
674 5566 768 5624 sed
789 5567 1016 5623 ﬁrmiter
1041 5567 1296 5624 credebat
1322 5566 1469 5639 quod
1496 5565 1543 5623 si
1564 5566 1706 5625 Deus
1723 5564 1837 5621 vel-

246 5657 350 5725 let,
377 5666 560 5727 posset
585 5657 717 5712 dare
742 5656 1029 5713 sanitatem
1055 5656 1175 5712 ﬁlim
1199 5670 1327 5712 suae.
1359 5655 1463 5711 Per
1487 5654 1649 5709 tiliam
1677 5653 1836 5723 hujus

244 5747 495 5808 mulieris
521 5748 780 5805 debemus
818 5749 1117 5820 intelligere
1167 5762 1598 5822 unamquamque
1646 5762 1835 5820 pecca-

537 5842 803 5903 Pt'ruoc.
852 5839 1041 5902 LVII.

1929 4199 2117 4253 tricem
2148 4193 2398 4256 animam,
2426 4206 2544 4259 quae
2564 4190 2803 4259 quotidie
2830 4200 3056 4246 vexatur
3082 4208 3113 4247 a
3141 4194 3374 4263 diabolo,
3393 4211 3508 4267 quat

1929 4297 2012 4343 e.;t
2059 4286 2298 4355 subjecta
2352 4282 2496 4336 vitiis
2549 4290 2605 4336 ct
2658 4281 2906 4338 omnibus
2933 4283 3089 4338 malis
3130 4287 3508 4354 operibus'.llli

1929 4381 2072 4437 enim
2100 4378 2191 4449 qui
2214 4375 2464 4431 doctores
2492 4372 2745 4429 Ecclesia:
2769 4380 2913 4440 sunt,
2936 4388 3149 4442 semper
3176 4374 3372 4431 debent
3396 4394 3507 4433 mo~

1933 4488 2060 4527 nere
2088 4480 2145 4526 et
2172 4470 2449 4537 increpare
2494 4465 2613 4521 illos
2652 4464 2744 4534 qui
2774 4480 2939 4535 opera
2967 4464 3163 4519 diaboli
3208 4464 3426 4534 faciunt,
3458 4478 3508 4527 et

1930 4581 2030 4637 pro
2055 4564 2134 4621 eis
2187 4567 2363 4629 orent,
2409 4559 2548 4617 sicut
2574 4558 2689 4614 haec
2712 4556 2904 4612 mulier
2930 4557 3105 4612 oravit
3130 4572 3231 4628 pro
3261 4556 3367 4612 tilia
3391 4574 3507 4613 sua.

1935 4657 2042 4715 Sed
2064 4656 2321 4711 Dominus
2352 4667 2458 4707 non
2487 4648 2769 4725 respondit
2795 4649 2847 4705 ei
2894 4649 3138 4705 verbum.
3171 4646 3276 4703 Pro
3322 4649 3511 4706 talibus

1935 4748 2110 4806 causis
2132 4745 2305 4801 noluit
2332 4742 2590 4797 Dominus
2609 4740 2938 4811 respondere
2965 4739 3196 4797 mulieri.
3229 4737 3430 4802 Primo,
3455 4748 3513 4795 ut

1935 4838 2190 4911 probaret
2235 4832 2353 4903 ejus
2377 4830 2758 4895 constantiam,
2790 4830 2882 4885 sed
2909 4838 3282 4899 perseveraret
3310 4830 3362 4885 in
3391 4846 3514 4901 pre-

1934 4944 2045 4986 ces.
2074 4922 2344 4990 Secundo,
2376 4929 2436 4976 ut
2477 4920 2695 4976 tolleret
2722 4918 3062 4975 occasionem
3111 4916 3311 4973 Judmis
3338 4934 3407 4974 ne
3429 4919 3514 4973 di-

1937 5028 2143 5086 cerent,
2185 5016 2430 5075 Christus
2475 5013 2631 5071 nobis
2669 5012 2963 5083 promissus
2989 5016 3092 5079 est,
3143 5018 3200 5064 et
3230 5010 3331 5065 iste
3359 5011 3514 5068 docet

1934 5119 2140 5181 gentes,
2169 5117 2225 5166 et
2244 5115 2398 5165 curat
2423 5107 2572 5173 illas;
2603 5111 2890 5176 propterea
2917 5099 3167 5157 nolumus
3192 5102 3415 5158 credere
3463 5105 3516 5159 in

1937 5202 2104 5255 illum.
2137 5200 2340 5265 Tertio,
2364 5205 2424 5253 ut
2442 5196 2697 5269 probaret
2718 5194 2925 5248 animos
2944 5191 3351 5265 discipulorum,
3372 5204 3428 5251 et
3451 5197 3517 5254 ad

1937 5293 2358 5354 misericordiam
2386 5294 2727 5362 provocaret.
2749 5286 2819 5341 Et
2848 5286 3146 5343 accedentes
3165 5288 3406 5361 discipuli
3431 5307 3518 5343 ro-

1938 5383 2131 5457 gabant
2156 5399 2270 5436 eum
2291 5383 2557 5441 dicentes:
2606 5378 2821 5433 Dimitte
2844 5393 2981 5442 eam,
3021 5377 3143 5452 quia
3182 5379 3375 5434 clamat
3402 5390 3518 5450 post

1940 5489 2055 5527 nos.
2088 5471 2164 5527 Ae
2191 5472 2234 5526 si
2262 5470 2501 5526 dicerent
2534 5487 2547 5521 :
2580 5467 2799 5522 Dimitte
2827 5473 3069 5537 peccata,
3098 5472 3157 5522 et
3173 5467 3322 5527 dona
3350 5468 3518 5522 virtu-

1942 5573 2041 5621 tes.
2073 5562 2363 5633 Postquam
2390 5561 2587 5617 mulier
2611 5560 2816 5615 audivit
2841 5556 2939 5627 SS.
2994 5558 3270 5629 apostolos
3314 5575 3414 5631 pro
3459 5576 3518 5615 se

1940 5662 2211 5725 rogantes,
2242 5654 2423 5709 statim
2451 5668 2573 5709 cum
2600 5663 2796 5720 magna
2843 5642 3036 5708 ﬁducia
3074 5648 3220 5703 venit
3246 5648 3313 5703 ad
3340 5649 3517 5705 Domi-

1942 5760 2091 5813 num,
2117 5743 2281 5819 675
2306 5751 2362 5800 et
2388 5743 2633 5805 adoravit
2661 5757 2808 5809 eum,
2865 5739 3086 5803 dicens:
3142 5737 3379 5805 Domine,
3422 5740 3515 5792 ad-
