4054 6194
553 353 656 416 ἨἺ

1614 350 1668 405 S.
1710 346 1951 403 ΜΑΧΙΜΙ
1992 342 2287 400 EPISCOPI
2328 337 2776 396 TAUltINENSIS

3702 323 3797 381 ’ῖὶεῖ

549 480 675 551 juva
706 491 803 529 me.
831 470 931 537 Qui
956 471 1285 543 respondens,
1312 470 1384 522 ait
1415 485 1430 521 :
1461 464 1582 519 Non
1613 474 1688 518 est
1723 464 1908 517 bonum
1928 477 2128 515 smnere
2157 464 2205 521 Α
2231 456 2462 525 gentilis,
2492 452 2717 551 credidit
2740 449 2881 551 quod
2933 448 3186 551 Dominus
3235 450 3421 551 posset
3448 441 3581 496 dare
3607 441 3802 551 sanita-

2232 556 2340 601 tem
2363 546 2483 598 ﬁlia:
2504 558 2630 598 sue.
2656 540 2973 596 Patientiam
3004 538 3189 591 imbuit
3216 533 3434 604 quando
3482 547 3605 587 eam
3634 531 3803 587 Donii-
3856 554 3865 591 τ.

555 549 743 639 panem
791 565 1038 635 ﬁliorum,
1093 570 1142 615 et
1168 562 1368 615 mittere
1396 558 1646 619 canibus;
1676 555 1780 608 hoc
1808 553 1936 607 dicit
1968 569 1979 603 :
2013 549 2130 603 Non

555 665 640 712 est
685 655 884 710 bonum
932 660 990 706 ut
1016 649 1359 706 subtrahatur
1384 642 1581 702 ludatis
1605 645 1847 699 doctrina
1896 642 2011 707 Dei,
2040 640 2131 709 qui

557 759 770 814 semper
814 742 1099 796 Dominum
1149 739 1526 801 adoraverunt,
1577 744 1632 789 ut
1659 735 1815 788 detur
1844 732 2010 794 vobis,
2042 729 2133 799 qui

557 833 785 903 gentiles
837 832 967 887 estis
1020 838 1075 885 et
1121 828 1334 899 pagani,
1374 835 1431 881 et
1457 824 1751 881 servivistis
1779 835 1991 891 semper
2016 820 2133 873 dia-

560 925 705 979 bolo.
762 920 965 976 Tamen
1016 919 1209 975 mulier
1235 918 1507 988 sapienter
1528 915 1828 982 intelligens
1856 911 1996 981 quod
2028 911 2135 962 Do-

558 1015 733 1069 minus
759 1011 911 1078 dixit,
934 1025 1057 1066 cum
1076 1009 1375 1063 humilitate
1400 1006 1581 1060 taliter
1600 1002 1875 1072 respondit
1898 1018 1912 1054 :
1937 1000 2131 1063 Etiam,

557 1104 795 1158 Domine.
824 1100 940 1156 Hoc
961 1100 1241 1155 estdicere
1265 1117 1277 1151 :
1309 1097 1449 1153 Vere
1477 1096 1610 1160 scio,
1634 1093 1875 1157 Domine,
1901 1100 1951 1146 et
1973 1091 2134 1145 credo

555 1194 683 1263 quia
710 1194 782 1246 ita
809 1199 892 1246 est
917 1198 978 1245 ut
1004 1198 1060 1244 tu
1083 1189 1231 1244 dicis.
1264 1187 1423 1243 Certe
1448 1201 1554 1241 non
1583 1198 1768 1239 sumus
1814 1182 1959 1251 digni
1990 1180 2134 1235 acci-

555 1300 685 1355 pere
705 1297 899 1354 panem
923 1280 1170 1344 ﬁliorum,
1197 1280 1286 1349 qui
1312 1292 1525 1347 semper
1544 1276 1826 1331 adoramus
1847 1274 2009 1328 idola.
2027 1269 2133 1326 Sed

557 1382 779 1444 propter
803 1372 906 1427 hoc
932 1371 1074 1438 dico,
1096 1372 1221 1439 quia
1242 1368 1489 1437 dignatus
1516 1381 1575 1421 es
1597 1365 1780 1421 venire
1803 1364 1854 1417 in
1875 1361 2132 1415 mundum

561 1472 619 1520 ut
647 1462 958 1520 ostenderes
983 1460 1209 1530 gratiam
1240 1468 1383 1514 tuam
1410 1473 1571 1527 super
1596 1472 1695 1511 nos
1721 1454 1965 1523 gentiles,
1991 1450 2134 1505 Nam

512 1550 539 1567 ⁸
557 1566 608 1611 et
632 1554 800 1610 catelli
818 1554 973 1608 edunt
995 1553 1059 1605 de
1076 1551 1223 1605 micis
1251 1565 1365 1621 qua:
1390 1549 1579 1602 cadunt
1606 1547 1669 1600 de
1694 1561 1874 1600 mensa
1898 1544 2135 1597 domino-

560 1662 672 1701 rum
719 1661 946 1699 suorum.
999 1642 1180 1697 Fidem
1209 1643 1369 1711 ἕξετε
1399 1641 1602 1707 habuit,
1649 1638 1772 1707 quia
1828 1651 1946 1691 cum
1993 1641 2136 1689 esset

2233 653 2333 692 nus
2376 634 2695 705 repudiavit,
2740 630 2924 685 tandiu
2974 630 3024 683 in
3053 642 3214 697 prece
3255 626 3626 696 perseveravit
3646 641 3804 694 usque

2234 742 2342 796 quo
2370 727 2632 794 acciperet
2661 721 2803 792 quod
2848 721 3141 789 qumrebat.
3191 705 3557 772 Humilitatem
3606 715 3803 780 habuit,

2235 820 2359 889 quia
2387 816 2603 887 quando
2633 815 2884 869 Dominus
2913 810 3242 880 comparavit
3268 822 3388 863 eam
3414 807 3656 871 canibus,
3704 806 3805 875 ipsa

2237 908 2535 977 comquavit
2581 920 2641 960 se
2667 904 2891 959 catellis.
2938 900 3229 968 Postquam
3260 897 3591 966 Redemptor
3635 906 3808 952 noster

2235 1000 2367 1053 vidit
2399 996 2552 1051 ﬁdem
2586 997 2737 1051 istius
2760 994 2999 1049 mulieris
3022 1001 3128 1045 tam
3160 1004 3427 1057 magnam,
3458 989 3596 1043 dixit
3626 988 3701 1042 illi
3725 1007 3738 1042 :
3763 988 3803 1040 0

2236 1093 2439 1158 mulier,
2468 1106 2659 1159 magna
2680 1097 2761 1140 est
2791 1086 2921 1156 ﬁdes
2951 1094 3065 1147 tua;
3086 1084 3181 1153 ﬁat
3203 1080 3293 1135 tibi
3331 1081 3464 1135 sicut
3482 1081 3577 1133 ris.
3624 1078 3807 1135 Exem-

2236 1184 2383 1254 plum
2413 1183 2669 1236 debemus
2710 1179 2974 1246 aecipere,
3027 1173 3219 1228 fratres
3262 1169 3547 1232 carissimi,
3598 1170 3667 1222 ab
3717 1172 3806 1224 ista

2238 1272 2494 1334 muliere;
2546 1277 2605 1322 ut
2631 1268 2770 1321 sicut
2817 1265 2905 1318 illa
2936 1260 3228 1331 permansit
3270 1257 3419 1312 ﬁrma
3467 1258 3520 1311 in
3550 1258 3804 1323 oratione,

2236 1362 2313 1415 s1c
2337 1375 2433 1414 nos
2461 1357 2702 1428 quotidie
2722 1367 3126 1426 perseveremus
3152 1350 3206 1404 in
3231 1349 3480 1404 omnibus
3502 1348 3661 1402 bonis
3688 1363 3808 1417 ope-

2238 1451 2415 1513 ribus;
2441 1457 2495 1504 et
2513 1447 2650 1502 sicut
2672 1446 2760 1500 illa
2777 1443 2948 1499 oravit
2970 1440 3272 1504 Dominum,
3297 1438 3370 1491 ita
3394 1451 3616 1491 oremus
3630 1437 3803 1500 Deum,

2239 1548 2299 1595 ut
2324 1548 2531 1595 mentes
2560 1544 2774 1593 nostras
2801 1536 3065 1605 dignetur’
3074 1532 3305 1587 liberare
3332 1529 3401 1584 dc
3451 1528 3659 1582 insidiis
3701 1528 3808 1582 dia-

2239 1632 2367 1686 boli.

1949 1722 2213 1785 SERMO
2256 1722 2413 1785 CIX.

1840 1823 1917 1877 De
1945 1825 2177 1894 fraterna
2199 1829 2537 1891 correptione.

2003 1912 2392 1967 ADMONITIO.

620 2016 818 2072 .Sancti
849 2014 1063 2070 Maximi
1091 2020 1338 2068 ornatum
1369 2010 1583 2064 nomine
1604 2009 1746 2062 hunc
1774 2020 2074 2061 sermonem
2112 2004 2208 2059 l0!)
2227 2021 2289 2059 ex
2324 2005 2509 2059 codice
2530 2002 2804 2058 Casincrsi
2829 2019 2917 2065 xu,
2950 2015 3071 2073 pag.
3102 1999 3225 2069 554,
3253 2000 3654 2070 exscripsimus.

563 2125 951 2206 Rusucmon.
986 2175 1055 2187 —
1077 2143 1301 2199 Summis
1331 2140 1569 2196 laudibus
1603 2139 1825 2193 Paulum
1855 2144 2138 2209 apostolum
2177 2146 2214 2201 Β
2244 2137 2382 2192 forte
2435 2140 2536 2192 iter
2582 2147 2814 2193 vestrum
2863 2153 2971 2206 quo
3013 2136 3080 2191 ad
3108 2150 3330 2205 regnum
3357 2135 3576 2191 caeleste
3595 2145 3813 2190 conten—

636 2220 784 2289 eﬂ'crt
833 2217 1113 2277 Maximus,
1148 2211 1657 2289 ejusquehesplicans
1705 2207 2062 2289 testimonium
2100 2207 2139 2258 ll

622 2278 885 2343 ‘Corinth.
918 2301 989 2347 v1,
1039 2278 1523 2337 ostendit'habitare
1555 2295 1656 2331 non
1697 2294 1846 2346 posse
1874 2278 1927 2329 in
1969 2278 2140 2329 (adem

556 2384 561 2389 ·
636 2358 792 2412 corde
821 2367 869 2409 et
894 2358 1028 2409 inter
1053 2354 1206 2406 unius
1244 2352 1461 2422 pectoris
1500 2349 1775 2419 hospitium
1822 2348 2142 2417 iniquitatem

570 2488 577 2493 ,
638 2427 790 2482 simul
819 2433 867 2479 et
896 2425 1207 2495 (equitatem.

570 2568 575 2571 Α
628 2516 1001 2572 Ερειθεὶπιιιιι
1029 2513 1265 2567 onmium
1294 2512 1533 2580 regimen
1563 2509 1902 2565 beatissimus
1929 2508 2140 2573 Paulus,

569 2611 764 2666 fratres
783 2606 1065 2675 carissimi,
1095 2620 1253 2675 quem
1274 2619 1375 2673 pro
1397 2602 1725 2659 conscientia
1752 2601 2007 2671 inculpati
2046 2616 2144 2670 pe-

564 2699 756 2763 cteris,
800 2708 1105 2766 sanctasque
1148 2694 1478 2766 perfectione
1527 2694 1786 2749 doctrinae
1834 2694 2144 2760 magistrum

562 2789 820 2860 gentibus
847 2786 1111 2842 universis
1138 2786 1333 2841 electio
1354 2785 1589 2841 caelestis
1615 2784 1861 2848 instituit,
1914 2783 2146 2837 domini-

571 2878 922 2950 camplebcm
942 2892 1085 2933 nunc
1111 2878 1293 2945 vigore
1331 2875 1592 2946 Apostoli,
1627 2890 1785 2930 nunc
1828 2873 2148 2928 auctoritate

566 2970 808 3041 doctoris
831 2977 1066 3040 patorum
1094 2969 1375 3022 all'ectione
1402 2966 1617 3036 pictatis
1646 2966 1909 3033 increpat,
1935 2963 2148 3018 instruit

568 3070 630 3127 et
649 3059 916 3116 emendat.
947 3058 1119 3112 liabet
1136 3072 1326 3112 revera
1356 3057 1404 3109 id
1427 3055 1690 3125 propositi
1717 3055 1802 3109 vir
1826 3053 2150 3121 gloriosissi-

570 3166 717 3218 mus,
747 3163 815 3204 ne
841 3146 1131 3216 discipulos
1154 3160 1281 3199 suos
1309 3153 1402 3199 aut
1421 3144 1798 3198 blandimentis
1828 3143 1964 3196 forte
1994 3142 2149 3197 nimis

573 3242 786 3297 desides
829 3238 1036 3305 reddat,
1086 3245 1178 3290 aut
1231 3235 1504 3305 asperiore
1548 3248 1732 3288 rursus
1783 3222 2151 3301 increpatione

569 3328 881 3390 conturbet.
930 3326 1035 3382 Sed
1065 3334 1213 3380 tanto
1240 3339 1542 3379 sermonem
1568 3338 1723 3377 suum
1754 3323 1991 3392 pondere
2018 3329 2150 3376 tem-

572 3429 998 3494 peramentoque
1041 3416 1368 3480 circumfert,
1411 3424 1470 3469 ut
1494 3412 1752 3468 inoﬁ‘cnsa
1782 3412 2006 3467 docendi
2034 3419 2149 3467 arte

2243 2228 2387 2292 ditis,
2422 2229 2746 2283 inﬁdelitatis
2770 2244 2834 2283 ac
2861 2229 3127 2284 scelerum
3155 2227 3322 2297 Spinae
3366 2236 3657 2296 sentesque
3685 2227 3809 2280 co‘n~

2243 2320 2475 2373 cludant.
2500 2319 2607 2374 Sed
2633 2321 2774 2387 agite
2794 2328 3055 2389 quatenus
3078 2317 3232 2373 vobis
3261 2317 3347 2373 via
3370 2316 3458 2373 illa
3481 2316 3625 2387 regia
3654 2331 3808 2386 quam

2243 2415 2490 2479 voluptas
2518 2411 2697 2464 mundi
2726 2410 2883 2477 hujus
2937 2424 3000 2465 ac
3052 2417 3391 2479 peccatorum
3436 2408 3808 2477 impedimenta

2243 2508 2616 2569 coangustant,
2647 2498 2768 2554 ﬁdei
2817 2515 2883 2554 ac
2931 2501 3181 2554 virtutum
3233 2500 3493 2554 exercitio
3539 2500 3805 2554 dilatetur.

2245 2591 2442 2659 Nolite,
2457 2593 2546 2657 ait,
2559 2592 2744 2663 jugum
2759 2591 2939 2645 ducere
2958 2608 3071 2645 cum
3085 2590 3394 2660 inﬁdelibus.
3409 2588 3597 2658 Iugum
3618 2591 3811 2661 quippe

2244 2685 2389 2741 ducit
2408 2700 2529 2739 cum
2558 2682 2858 2739 inﬁdelibus
2878 2682 3053 2738 omnis
3079 2684 3169 2752 qui
3197 2683 3249 2736 in
3271 2681 3619 2752 perditionem
3641 2682 3811 2736 homi-

2245 2776 2328 2830 nis
2350 2782 2686 2843 mortemque
2711 2773 2972 2842 conjurat.
2997 2771 3187 2841 Iugum
3209 2788 3328 2828 cum
3353 2771 3645 2827 inﬁdelibus
3668 2771 3811 2826 ducit

2245 2865 2547 2933 quicunque
2563 2878 2620 2916 se
2632 2864 2789 2933 677
2806 2862 3102 2917 inhonestis
3119 2862 3290 2915 sociat
3308 2861 3679 2929 turpibusque;
3703 2863 3811 2928 qui,

2245 2952 2490 3007 confesso
2512 2951 2708 3006 Christi
2721 2953 2934 3007 nomine
2951 2951 3156 3021 ﬁdeque
3170 2959 3435 3021 suscepta,
3452 2950 3519 3005 ad
3532 2954 3813 3023 sacrilegas

2245 3042 2548 3111 voluptates
2577 3041 2839 3096 diabolica
2872 3043 3252 3112 superstitione
3280 3050 3574 3097 revocatur.
3598 3041 3671 3096 Et
3700 3052 3815 3113 post

2246 3135 2447 3202 omnia,
2476 3134 2690 3202 fratres,
2734 3134 3091 3205 periculosum
3118 3134 3275 3189 nimis
3306 3133 3490 3205 jugum
3517 3135 3680 3189 trahit
3705 3137 3811 3206 qui,

2247 3233 2430 3294 spreta
2456 3225 2762 3293 integritate
2789 3224 3019 3289 vivendi,
3057 3224 3388 3295 diruptisque
3417 3225 3573 3279 divini
3607 3226 3817 3281 timoris

2247 3314 2490 3384 vinculis,
2520 3329 2726 3370 mersus
2754 3323 2896 3370 totus
2924 3317 2976 3369 in
3002 3325 3218 3380 terram,
3247 3330 3399 3370 szcva:
3427 3318 3814 3372 conversationi

2248 3404 2455 3475 captiva
2500 3404 2662 3459 miser
2689 3404 2826 3459 colla
2860 3405 3123 3461 submittit
3155 3422 3166 3458 :
3200 3413 3259 3459 ut
3296 3404 3363 3459 de
3396 3401 3567 3474 impiis
3602 3404 3811 3473 legitur,

572 3524 1012 3581 unumquemque
1034 3516 1184 3562 recto
1212 3522 1244 3559 a
1273 3506 1485 3559 tramite
1508 3503 1808 3557 deviaatrm
1865 3502 2147 3557 salubriter
2171 3498 2216 3560 Ο
2248 3497 2340 3564 qui
2365 3496 2603 3567 aspicere
2632 3496 2682 3550 in
2711 3496 2905 3552 coelum
2933 3505 2988 3550 et
3016 3496 3249 3552 cmlestia
3280 3495 3712 3560 contemnebant,
3742 3497 3817 3551 di-

575 3607 813 3666 revocct,
856 3598 1080 3666 castiget
1108 3605 1162 3651 et
1190 3593 1384 3649 foveat.
1418 3593 1599 3647 Voluit
1626 3593 1766 3647 enim
1795 3591 2149 3661 prudentissi-

579 3693 934 3760 musdoctor,
958 3697 1018 3745 ut
1062 3703 1189 3742 vere
1216 3685 1507 3756 spiritualis
1534 3684 1669 3753 apis,
1700 3698 1797 3753 pro
1839 3684 2151 3737 diversitate

579 3782 912 3852 peccantium
933 3787 988 3833 et
1015 3775 1219 3847 spicula
1242 3776 1449 3844 jacere,
1478 3782 1532 3826 et
1558 3772 1713 3826 mella
1740 3772 1995 3840 praebere.
2042 3770 2150 3840 Nos

582 3886 729 3936 vero,
779 3869 992 3933 fratres,
1041 3881 1178 3933 quos
1206 3872 1259 3918 et
1287 3863 1454 3917 virtus
1481 3858 1678 3925 deﬁcit,
1729 3868 1784 3914 et
1837 3860 2149 3914 multimoda

578 3968 796 4030 peccata
824 3956 1166 4019 comitantur,
1198 3953 1422 4007 acrioris
1443 3950 1801 4018 correptionis
1822 3950 2036 4004 aculeos
2057 3966 2152 4003 au-

577 4028 842 4106 ctoritatis
892 4044 1200 4116 apostolica:
1251 4042 1623 4111 delinquentes
1668 4041 1723 4095 in
1769 4039 2006 4099 auditum
2052 4028 2145 4096 ive-

577 4150 747 4199 strum
792 4136 1117 4196 blandientis
1158 4134 1445 4191 astruimus
1473 4131 1739 4187 allectum.
1794 4131 1924 4186 Nam
1954 4140 2008 4187 et
2034 4133 2151 4186 vul-

578 4247 707 4289 nera
751 4231 1103 4286 humanorum
1149 4238 1431 4295 corporum
1472 4221 1747 4278 dulcedine
1768 4222 1955 4277 melius
1987 4237 2149 4292 quam

580 4320 934 4379 amaritudine
965 4316 1312 4373 medicantur.
1342 4315 1431 4368 Ait
1450 4328 1579 4384 ergo
1605 4314 1746 4368 inter
1765 4326 1957 4369 caetera
2009 4315 2153 4384 Apo-

578 4414 747 4472 stolus
800 4410 866 4466 ad
912 4407 1221 4464 Corinthios
1263 4406 1504 4461 scribens
1541 4404 1784 4459 eamdem
1835 4420 2149 4460 remunera-

583 4504 784 4561 tionem
813 4519 825 4554 :
858 4499 1124 4569 Tanquam
1145 4498 1269 4567 ﬁliis
1290 4495 1423 4559 dico,
1455 4494 1749 4548 dilatamini
1777 4505 1826 4548 et
1854 4511 1960 4560 ros,
1982 4504 2031 4549 et
2058 4512 2152 4548 no-

578 4595 666 4650 lite
702 4593 888 4665 jugum
937 4588 1120 4641 ducere
1146 4601 1262 4639 cum
1300 4582 1592 4654 inﬁdelibus
1623 4582 1712 4654 (ΙΙ
1736 4583 1852 4638 Cor.
1884 4584 1979 4652 γι).
2012 4583 2153 4638 Tan-

579 4697 741 4752 quam
771 4678 911 4743 ﬁliis,
944 4675 1135 4745 inquit,
1169 4672 1312 4729 dico.
1364 4670 1508 4727 Ecce
1549 4673 1789 4740 quamvis
1842 4682 2150 4742 peccatores

573 4772 719 4851 ﬁlios
764 4769 998 4842 appellat
1050 4765 1363 4838 Apostolus,
1417 4762 1485 4819 n‘c
1519 4764 1800 4833 quisquam
1844 4766 2153 4833 peccatricis

2249 3594 2406 3641 cente
2433 3587 2691 3655 propheta
2724 3604 2737 3638 :
2766 3583 2954 3639 Oculos
2999 3602 3119 3641 suos
3158 3593 3449 3641 statuerunt
3481 3584 3743 3639 declinare
3767 3588 3816 3639 is

2251 3681 2391 3726 terra
2410 3672 2581 3744 (Psal.
2612 3672 2738 3743 xw).
2763 3673 3027 3729 intendite
3046 3675 3217 3731 adhuc
3242 3674 3531 3743 cujusmodi
3558 3676 3816 3751 apostoli-

2250 3779 2327 3819 ca:
2375 3764 2630 3820 doctrina:
2671 3781 2731 3821 se
2772 3766 2905 3822 ordo
2945 3768 3191 3822 subtexat
3222 3786 3235 3821 :
3268 3770 3343 3822 ait
3382 3782 3605 3839 namque
3644 3788 3658 3822 :
3694 3768 3817 3834 ρυω

2251 3859 2467 3926 particip
2488 3859 2576 3911 :tio
2597 3858 2815 3928 justitim
2840 3875 2953 3912 cum
2994 3860 3299 3932 iniquitate?
3329 3871 3417 3914 aut
3452 3879 3562 3934 qua:
3597 3867 3817 3918 societas

2251 3946 2351 3999 luci
2381 3946 2447 3999 ad
2478 3947 2747 4002 tenebras?
2778 3950 2904 4016 Qua:
2930 3959 3101 4004 autent
3126 3953 3389 4006 conventio
3411 3952 3592 4006 Clirisii
3621 3955 3697 4006 ad
3727 3953 3817 4006 Bc-

2252 4035 2344 4088 lial
2360 4036 2384 4088 ?
2410 4034 2537 4100 Qum
2563 4055 2685 4106 pars
2713 4039 2857 4109 ﬁdeli
2885 4052 2997 4093 cum
3026 4040 3259 4110 inﬁdeli?
3286 4042 3370 4115 qui
3406 4052 3568 4096 autent
3593 4059 3817 4097 consen-

2252 4142 2337 4179 sus
2366 4126 2553 4197 templo
2581 4126 2677 4180 Dei
2704 4145 2815 4182 cum
2855 4130 3042 4183 idolis?
3077 4128 3219 4194 Quae,
3261 4131 3449 4201 inquit,
3492 4134 3818 4204 participatic

2243 4218 2465 4289 justitiae
2492 4236 2606 4273 cum
2645 4221 2912 4292 iniquitate
2946 4221 3029 4292 (Il
3056 4221 3175 4277 Cor.
3205 4223 3454 4292 γηῖΝοη
3485 4232 3681 4292 potest,
3716 4226 3816 4278 fra-

2251 4317 2381 4379 tres,
2412 4310 2464 4364 in
2489 4310 2679 4365 eodem
2721 4311 2887 4366 corde
2924 4321 2980 4366 et
3020 4312 3158 4367 inter
3184 4314 3341 4368 unius
3378 4315 3605 4383 pectoris
3640 4314 3820 4384 hospi-

2249 4401 2384 4454 tium
2414 4400 2665 4470 iniquitas
2703 4401 2859 4456 simul
2888 4409 3048 4469 atquc
3074 4402 3294 4470 mquitas
3331 4402 3584 4457 habitare.
3629 4402 3819 4457 Conti-

2251 4507 2416 4547 nuum
2463 4492 2711 4545 nimirum
2760 4493 2900 4545 inter
2945 4501 3222 4562 utramque
3265 4492 3467 4560 geritur
3502 4492 3723 4556 bellum,
3769 4501 3822 4546 et

2260 4597 2469 4637 ιοςθεεθ
2498 4593 2579 4637 est
2606 4591 2665 4636 ut
2693 4599 2796 4637 una
2841 4575 3067 4653 pellatur
3099 4583 3165 4638 ab
3192 4582 3313 4638 alia.
3345 4581 3557 4639 Frustra
3589 4581 3824 4651 injustas

2250 4673 2476 4743 quisque
2514 4673 2778 4729 interdum
2824 4674 2998 4731 inesse
3038 4673 3135 4727 sibi
3186 4673 3465 4740 imaginem
3506 4672 3824 4742 integritatis

2251 4774 2486 4820 ostentat
2514 4784 2526 4818 :
2561 4766 2611 4818 in
2642 4765 2819 4818 animo
2848 4765 2989 4819 enim
3019 4779 3177 4832 quem
3211 4763 3508 4834 frequentat
3546 4764 3817 4833 iniquitas,

572 4864 919 4934 conscientia:
944 4859 1149 4932 pudore
1178 4858 1463 4914 deterritus
1492 4856 1561 4912 de
1585 4858 1715 4912 tanti
1739 4859 1904 4927 patris
1931 4859 2153 4913 caritate
2184 4857 2230 4916 D
2254 4854 2500 4909 simulata
2523 4854 2728 4923 justitia
2767 4864 2868 4910 est.
2916 4852 3160 4923 Plerique
3201 4868 3426 4923 namque
3469 4868 3571 4908 non
3598 4862 3822 4923 propter

579 4963 874 5011 cunctetur.
924 4952 1080 5018 Nam,
1130 4951 1273 5020 quod
1327 4952 1566 5019 increpat
1593 4947 1807 5015 Paulus,
1838 4966 1945 5006 non
1971 4950 2149 5006 odium

576 5030 799 5100 exercet
852 5046 993 5111 irati,
1035 5042 1127 5100 sed
1156 5057 1348 5098 munus
1376 5041 1642 5109 diligentis
1671 5038 1946 5110 impendit.
1974 5041 2151 5097 Incre-

581 5133 730 5204 patio
779 5135 919 5189 enim
963 5148 1081 5202 quae
1136 5133 1308 5188 amico
1354 5130 1422 5186 de
1461 5145 1557 5185 ore
1591 5129 1835 5199 procedit
1862 5130 2147 5199 optabilem

579 5230 761 5297 portat
783 5224 834 5278 in
860 5222 1076 5279 vulnere
1095 5225 1396 5278 sanitatem.
1428 5220 1496 5277 Ut
1515 5221 1590 5275 ait
1612 5219 1701 5274 ille
1727 5219 2148 5290 sapientissimus

578 5315 833 5373 SalomOn
863 5330 876 5365 :
909 5323 933 5347 ει
956 5310 1175 5366 Meliora
1195 5323 1313 5366 sunt
1334 5312 1541 5367 vulnera
1573 5311 1726 5364 amici
1746 5325 1896 5380 quam
1917 5308 2148 5363 volunta-

572 5408 659 5483 _ria
681 5404 852 5460 oscula
880 5403 1072 5459 inimici
1097 5401 1274 5473 (Prov.
1317 5401 1502 5471 χχιιι).
1534 5401 1602 5456 At
1630 5416 1749 5471 qua:
1774 5400 1876 5455 alia
1924 5410 2147 5469 possunt

580 5509 697 5551 esse
723 5493 1015 5548 amicorum
1056 5492 1295 5557 vulnera,
1323 5493 1424 5548 nisi
1452 5491 1616 5547 verba
1641 5492 1833 5563 quibus
1863 5502 2146 5563 peccantes

573 5582 967 5658 verberantur?
1018 5578 1345 5647 Dilatamini,
1398 5582 1588 5651 inquit,
1637 5582 1687 5637 id
1738 5590 1820 5638 est
1871 5581 2047 5638 videte
2078 5598 2144 5638 nc

2258 4946 2424 5016 ipsum
2449 4945 2710 5015 justitiam
2748 4946 2877 5016 justi
2926 4960 3300 5018 nonnunquam
3342 4946 3605 5013 videnlur,
3638 4947 3736 5003 sed
3768 4956 3823 4999 ut

2254 5039 2620 5108 iniquitatibus
2649 5040 2759 5096 suis
2779 5040 3023 5095 umbram
3051 5040 3345 5094 sanctitatis
3366 5038 3652 5102 obducunt,
3675 5054 3824 5092 men-

2254 5131 2362 5185 titrc
2381 5131 2645 5199 mquitatis
2662 5130 2922 5187 velamina
2942 5131 3285 5200 prmmittunt.
3303 5128 3407 5183 Sed
3428 5129 3498 5183 illi
3523 5144 3645 5182 vere
3669 5140 3825 5184 erunt

2249 5223 2376 5294 justi
2412 5224 2603 5294 quibus
2647 5224 2860 5293 penitus
2900 5222 3083 5276 odiosa
3123 5220 3233 5275 Deo
3280 5235 3543 5288 nunquam
3581 5219 3825 5289 subrepit

2256 5312 2537 5380 iniquitas;
2566 5311 2632 5367 de
2659 5312 2851 5381 quibus
2878 5319 2934 5365 et
2958 5309 3290 5366 venerandus
3320 5309 3617 5378 patriarcha
3657 5308 3824 5362 David

2252 5403 2321 5456 ait
2351 5421 2362 5455 :
2392 5402 2534 5456 Beati
2544 5399 2645 5473 'qui
2672 5401 2964 5456 custodiunt
2987 5401 3243 5471 judicium
3271 5409 3318 5453 et
3345 5401 3540 5469 faciunt
3561 5396 3820 5468 jus!iti.:m

2250 5496 2304 5570 in
2352 5493 2491 5548 omni
2530 5502 2752 5562 tempore
2782 5491 2949 5562 (Psal.
2982 5490 3087 5560 ον).
3138 5490 3387 5559 Sequitur
3422 5488 3609 5543 deinde
3642 5506 3656 5540 :
3696 5485 3824 5552 Quit

2251 5586 2465 5645 societas
2492 5584 2593 5639 luci
2619 5583 2689 5637 ad
2711 5582 2975 5638 latebras?
2997 5582 3250 5640 Advertat
3272 5581 3445 5638 omnis
3466 5580 3678 5636 auditor
3699 5573 3824 5647 quia

602 5760 623 5769 ι-
646 5734 677 5766 δ
703 5718 762 5780 la
783 5720 1008 5792 Vulgata
1030 5715 1159 5787 legit
1184 5731 1197 5770 :
1219 5711 1443 5771 Meliora
1460 5718 1668 5771 uulnera
1692 5717 1971 5789 diligentis,
1992 5734 2143 5791 quam
2171 5719 2500 5788 fraudulenta
2527 5717 2704 5773 oscula
2729 5715 2967 5772 odientis.

3847 270 3867 335 l
