4054 6194
255 464 359 524 ιιι]

1688 458 1917 513 SERMO
1953 457 2062 514 CX.

3386 464 3492 520 150

235 594 341 635 non
372 586 553 647 potest
575 591 713 630 unus
743 575 983 642 idemque
1023 587 1140 627 esse
1183 571 1486 641 splendidus
1524 579 1577 623 et
1617 571 1812 624 obscu-
1843 574 1890 631 Α
1917 572 2202 626 subvenire
2251 574 2477 641 miseris,
2520 575 2711 629 sectari
2766 588 2973 643 pacem,
3022 589 3235 629 servare
3280 577 3492 645 patien-

235 684 326 725 rus
355 687 367 720 :
401 667 454 721 id
480 676 585 735 est,
616 681 723 719 non
761 671 940 734 potest
975 664 1111 718 idem
1143 664 1254 732 ipse
1284 664 1443 716 homo
1473 662 1669 730 pariter
1698 676 1814 713 esse

233 761 457 814 dolosus
482 768 538 812 et
565 757 816 827 simplex,
847 756 1110 825 superbus
1144 763 1197 809 et
1239 753 1470 813 humilis,
1510 751 1738 806 crudelis
1765 760 1820 803 et

239 852 405 913 mitis,
430 849 734 903 luxuriosus
761 858 816 900 et
836 852 1035 911 castus,
1064 844 1296 913 perﬁdus
1315 852 1370 897 et
1393 842 1581 907 fidelis,
1611 839 1821 893 invidus

243 949 299 994 ct
328 940 553 993 amicus.
584 936 653 991 Ut
681 937 823 991 enim
856 935 959 988 ulla
990 935 1094 989 luci
1119 932 1453 999 tenebrisque
1472 931 1721 995 societas,
1749 930 1819 982 ita

238 1029 383 1083 nulla
433 1027 719 1081 virtutibus
763 1024 1010 1091 vitiisque
1061 1020 1385 1075 communio.
1436 1017 1611 1071 llabes
1656 1018 1820 1085 678

240 1118 587 1173 nihilominus
615 1134 629 1169 :
661 1132 775 1186 qua:
801 1115 1065 1169 conventio
1096 1111 1284 1165 Christi
1324 1109 1393 1161 ad
1432 1107 1631 1161 Belial?
1657 1105 1712 1159 ιιι
1739 1115 1823 1160 est

240 1226 348 1264 non
383 1215 606 1277 possunt
633 1207 686 1259 in
714 1220 824 1259 uno
851 1204 972 1257 loco
995 1210 1155 1270 atque
1180 1201 1232 1253 in
1253 1198 1438 1253 eadem
1470 1204 1648 1250 mente
1670 1195 1824 1249 Chri-

239 1307 359 1353 stus
409 1305 465 1351 et
510 1295 756 1350 diabolus
798 1292 1107 1354 convenire,
1148 1299 1206 1344 ut
1252 1290 1328 1341 ait
1374 1287 1707 1340 ﬁdelissimus
1738 1285 1824 1338 ille

239 1387 389 1439 Elias
436 1386 502 1439 ad
550 1384 711 1437 lsrael
761 1381 1213 1451 prmvaricautem,
1264 1377 1445 1431 dicens
1496 1393 1508 1427 :
1558 1374 1824 1445 Usqueqao

238 1475 549 1528 claudicatio
576 1474 632 1525 in
660 1472 789 1524 duas
818 1470 1027 1540 partes?
1066 1468 1127 1522 Si
1166 1467 1415 1521 Dominus
1453 1474 1527 1519 est
1556 1464 1716 1527 Deus,
1741 1481 1823 1517 sc-

239 1565 463 1633 quintiui
485 1579 627 1625 eum;
650 1563 693 1614 si
717 1569 885 1613 autem
907 1559 1057 1623 Baal,
1087 1558 1352 1628 sequimini
1374 1556 1519 1609 illum
1545 1554 1667 1625 (III
1697 1553 1821 1625 Reg.

244 1655 355 1722 18).
382 1653 440 1706 Si
469 1668 598 1721 ergo
625 1654 763 1706 inter
791 1666 1027 1705 errorem
1058 1664 1120 1703 ac
1146 1648 1423 1703 veritatem
1454 1646 1706 1717 populum
1730 1646 1826 1699 llu-

241 1752 519 1799 ctuantem
551 1750 658 1795 tam
678 1741 1024 1795 vehementer
1045 1738 1307 1809 propheta
1329 1737 1670 1802 condemnat,
1692 1751 1826 1804 quo-

246 1833 410 1887 modo
439 1840 687 1901 putamus
723 1844 880 1899 posse
909 1844 1026 1893 nos,
1058 1827 1269 1891 fratres,
1308 1825 1524 1879 incertis
1560 1824 1828 1892 gressibus

246 1922 611 1977 claudicantes
639 1921 839 1990 pariter
861 1927 914 1973 et
942 1919 1069 1972 vitia
1098 1917 1247 1985 sequi
1274 1923 1329 1971 et
1359 1931 1539 1970 amare
1570 1915 1828 1969 virtutes?

245 2010 533 2077 Quomodo
578 2025 859 2079 possumus
913 2023 1020 2062 uno
1056 2007 1247 2074 signati
1290 2005 1479 2075 spiritu
1520 2012 1576 2058 et
1614 2004 1826 2058 Christo

247 2102 455 2156 servire
483 2109 535 2154 et
563 2100 762 2153 diaboli
793 2100 967 2153 facere
994 2097 1357 2152 voluntatem?
1387 2095 1467 2149 An
1502 2110 1611 2149 non
1638 2094 1826 2149 diabo-

248 2194 367 2247 lica:
417 2192 703 2246 voluntatis
745 2199 827 2245 est
871 2189 1106 2244 insidiari
1141 2188 1533 2252 innocentibus,
1567 2186 1831 2240 instruere

248 2284 539 2345 factiones,
585 2282 885 2337 obtrectare
933 2280 1146 2343 amicis,
1205 2279 1443 2333 invidere
1490 2278 1826 2340 melioribus,

249 2372 456 2425 violare
509 2370 686 2435 ﬁdem,
738 2371 1050 2438 impugnare
1091 2368 1385 2435 justitiam?
1425 2366 1574 2421 Sicut
1613 2374 1828 2420 econtra

248 2460 454 2514 Christi
499 2469 580 2515 est
626 2460 799 2529 portio
830 2459 1015 2513 timere
1055 2456 1239 2521 Deum,
1272 2457 1490 2523 diligere
1518 2456 1827 2520 bonitatem,

1918 662 2081 727 tiam,
2126 663 2341 717 illzcsam
2388 673 2570 718 tenere
2618 666 2891 719 caritatem
2942 680 3037 735 per
3079 668 3273 719 omnia.
3320 668 3494 720 "alios

1910 760 2042 821 post
2069 753 2182 806 hate
2215 771 2226 805 :
2260 752 2387 816 Qum
2414 772 2533 824 pars
2570 756 2713 823 ﬁdeli
2758 772 2871 808 cum
2914 756 3148 824 inﬁdeli?
3186 756 3285 820 Qui
3324 768 3493 812 autem

1921 857 2197 895 consensus
2242 844 2427 911 templo
2470 843 2567 897 Dei
2604 861 2717 897 cum
2756 846 2946 898 idolis?
2971 845 3120 910 Quod
3153 848 3355 915 utique,
3388 847 3489 901 Γιτι-

1922 937 2049 995 tres,
2094 930 2235 985 ﬁdeli
2283 932 2587 1001 inlidelique
2636 935 2986 1001 consortium,
3021 952 3141 991 cum
3183 955 3319 992 unus
3360 940 3489 993 sini-

1922 1026 2087 1072 strum
2115 1027 2254 1073 terat
2282 1022 2401 1087 iter,
2433 1022 2677 1076 dextrum
2717 1024 2849 1076 alius
2877 1025 3179 1092 gradiatur;
3213 1044 3347 1082 llllUS
3376 1040 3493 1084 tcu-

1923 1107 2014 1161 dat
2042 1109 2106 1163 ad
2133 1110 2315 1171 vitam,
2348 1119 2534 1179 pergat
2563 1112 2698 1166 alter
2726 1112 2792 1165 ad
2831 1122 3085 1180 mortem;
3117 1116 3202 1171 hic
3224 1118 3492 1173 Christum

1923 1207 2208 1265 sequatur,
2256 1200 2343 1254 ille
2392 1200 2662 1255 diabolum
2709 1204 3025 1258 comitetur?
3076 1206 3212 1271 Quid
3264 1225 3495 1278 unquam

1924 1294 2212 1355 potuerant
2247 1288 2444 1343 habere
2494 1298 2600 1343 tam
2642 1290 2849 1345 diversa
2877 1297 3196 1348 commune?
3223 1295 3341 1351 lam
3369 1314 3495 1354 vero

1926 1378 2045 1445 quis
2093 1378 2297 1433 dubitet
2343 1381 2543 1434 nullum
2586 1398 2745 1451 posse
2776 1385 3030 1455 templum
3060 1385 3153 1440 Dei
3178 1403 3300 1443 cum
3344 1391 3498 1445 idolis

1926 1482 2045 1522 esse
2067 1472 2419 1524 consensum?
2444 1470 2597 1526 Unde
2618 1480 2671 1527 et
2694 1475 2767 1527 ait
2796 1475 3082 1544 Apostolus
3104 1476 3343 1537 ﬁdelibus
3371 1484 3499 1537 viris

1927 1575 2063 1628 quos
2108 1560 2371 1616 idolorum
2411 1566 2658 1633 prohibet
2706 1583 2825 1622 esse
2858 1570 3193 1641 participes:
3236 1573 3337 1627 Vos
3378 1578 3499 1630 estis

1927 1653 2168 1722 templum
2197 1652 2294 1707 Dei
2323 1655 2418 1708 vivi
2450 1653 2534 1724 (11
2564 1653 2682 1710 Cor.
2715 1657 2809 1725 vr).
2844 1658 3025 1729 Itaque
3052 1661 3096 1714 si
3126 1663 3378 1731 templum
3406 1665 3498 1720 Dei

1929 1756 2130 1804 sumus,
2164 1758 2270 1795 non
2304 1742 2596 1798 eflieiamur
2622 1747 2918 1815 sepulcrum
2958 1749 3153 1804 diaboli
3182 1761 3236 1805 et
3262 1763 3497 1822 recepta-

1928 1832 2107 1885 culum
2152 1831 2423 1886 vitiorum.
2472 1832 2529 1887 Si
2578 1836 2839 1890 veraciter
2891 1835 3159 1893 Christum
3215 1851 3398 1896 nostro
3450 1844 3501 1898 in

1863 1932 1905 1991 Β
1928 1918 2095 1973 corde
2114 1920 2447 1989 suscipimus,
2482 1921 2751 1977 inimicum
2777 1924 2972 1980 Christi
2997 1930 3123 1983 totis
3144 1944 3174 1981 a
3206 1931 3359 1985 nobis
3383 1932 3500 1986 fidei

1931 2010 2131 2064 viribus
2158 2012 2533 2081 propellamus.
2559 2013 2701 2077 Haec,
2735 2015 3081 2085 dilectissimi,
3113 2034 3209 2088 pro
3235 2024 3501 2076 communi

1930 2101 2169 2171 profectu
2191 2112 2375 2158 nostro
2394 2104 2460 2159 de
2480 2106 2769 2173 apostolica
2795 2107 3022 2161 lectione
3052 2110 3390 2178 protulimus,
3423 2124 3498 2177 ut,

1930 2191 2077 2244 omni
2107 2191 2222 2245 nisu
2252 2192 2604 2262 omnibusque
2630 2194 2819 2248 studiis
2861 2195 3038 2264 iniqua
3070 2211 3135 2251 ac
3175 2198 3376 2267 perﬁda
3406 2201 3499 2255 dc-

1930 2280 2211 2348 clinantes,
2251 2282 2588 2352 beneplacita
2624 2283 2735 2338 Deo
2778 2294 2961 2341 nostro
2989 2301 3201 2358 semper
3226 2299 3386 2361 atque
3410 2305 3499 2347 ac-

1932 2376 2086 2437 cepta
2116 2377 2399 2425 sectemur.

1659 2548 1927 2610 SERMO
1971 2551 2100 2611 CX.

1592 2649 1667 2703 De
1690 2650 1939 2703 castitatis
1966 2652 2153 2703 studio.

1685 2738 2070 2793 ADMONITIO.

321 2834 485 2903 (379
524 2832 673 2889 llunc
699 2849 911 2903 quoque
952 2834 1049 2885 lli)
1090 2849 1389 2905 sermonem
1420 2834 1471 2886 in
1501 2832 1693 2905 eodem
1732 2848 1803 2885 xu
1826 2831 2106 2905 Casinensi
2137 2834 2343 2900 codice,
2374 2850 2491 2905 rag.
2537 2836 2659 2903 555,
2701 2848 2885 2891 sancto
2934 2840 3163 2897 Maximo
3192 2844 3501 2905 attributum

252 2902 511 2968 vidimus;
541 2918 695 2972 quem
728 2904 789 2956 de
817 2904 1066 2957 castitatis
1093 2904 1260 2955 studio
1289 2918 1384 2956 seu
1414 2902 1648 2955 custodia
1682 2902 2075 2957 inscribendum
2104 2920 2224 2961 esse
2252 2902 2661 2976 cuiquc'eumde
2685 2925 2716 2959 ιι
2748 2910 2938 2975 legenti
2968 2918 3135 2980 patet.

255 3016 645 3069 Ancummruu.
677 3044 748 3053 —
778 3014 898 3066 Prrv
936 3014 1132 3067 ca’teris
1162 3030 1193 3065 a
1223 3012 1365 3067 nobis
1405 3013 1670 3081 virtutibus
1699 3028 1833 3081 prte-

325 3086 489 3137 dicari
528 3085 737 3137 castitas
778 3083 941 3145 debet,
976 3100 1126 3151 quam
1174 3100 1282 3151 pra:
1318 3080 1547 3151 omnibus
1586 3080 1832 3150 peculiari

363 3102 489 3137 tcart
528 3102 737 3137 casuras
778 3102 941 3145 aeaet,
1011 3102 1126 3135 nam
1174 3102 1282 3151 pra:
1318 3102 1547 3135 onmwus
1586 3102 1826 3150 pertuum

359 3153 547 3207 undam
576 3156 743 3223 gratia
771 3102 1026 3206 nascendo
1056 3153 1119 3205 de
1156 3154 1349 3222 virgine
1388 3149 1616 3203 Christus
1653 3151 1826 3223 (legit.

354 3223 539 3276 Iautius
564 3218 892 3290 aspiciamus,
916 3223 1141 3275 sanctius
1172 3218 1467 3290 cogitemus,
1495 3235 1559 3271 ne
1584 3218 1832 3289 sttbripiat

326 3294 494 3346 otioso
522 3292 666 3345 cordi
692 3291 1107 3361 indisciplinatus
1136 3298 1388 3359 aspectus.

326 3380 597 3448 Quantum
640 3388 695 3433 et
734 3394 893 3448 quam
923 3379 1300 3444 necessarium,
1332 3377 1522 3431 fratres
1550 3375 1832 3441 carissimi,

255 3475 328 3527 de
379 3470 668 3541 Scripturis
710 3472 906 3525 sanctis
948 3486 1229 3539 possumus
1276 3470 1475 3524 habere
1515 3468 1833 3538 profectum,

255 3561 475 3616 instruit
505 3576 603 3615 nos
632 3561 964 3614 beatissimus
995 3559 1206 3625 Paulus,
1238 3559 1419 3613 dicens
1450 3577 1460 3610 ε
1497 3558 1677 3611 Omnis
1704 3558 1835 3611 scri-

254 3664 413 3723 ptura
440 3652 682 3705 diuinitus
721 3653 974 3721 inspirata
1022 3651 1162 3704 utilis
1201 3660 1276 3704 est
1321 3650 1389 3702 ad
1435 3649 1736 3711 docendum,
1769 3648 1839 3700 atl

253 3742 661 3811 corripiendum,
708 3742 776 3794 ad
823 3742 1157 3795 erudiendum
1203 3740 1287 3811 (II
1337 3741 1468 3794 Tim.
1519 3741 1616 3809 ut).
1666 3738 1837 3805 Quam

253 3830 570 3899 praeclaram
616 3844 882 3899 quamque
934 3828 1211 3883 miriﬁcam
1253 3828 1442 3883 doctor
1483 3826 1839 3881 Ecclesiarum

253 3920 585 3973 sententiam
622 3920 689 3974 de
734 3921 925 3974 divinis
963 3920 1316 3989 promulgavit
1350 3919 1594 3987 eloquiis,
1626 3932 1743 3987 qua:
1774 3916 1841 3970 ad

256 4008 630 4078 plenissimam
675 4010 884 4063 vivendi
922 4009 1304 4078 perfectionem
1344 4008 1646 4062 mortalium
1679 4005 1841 4061 corda

258 4099 499 4165 dirigunt
528 4107 582 4152 et
611 4099 923 4153 informant!
958 4097 1113 4153 Utilis
1140 4098 1380 4167 profecto
1417 4104 1498 4151 est
1531 4111 1709 4149 sermo
1733 4110 1842 4149 ca:-

261 4188 415 4243 lestis
444 4189 510 4243 ad
546 4189 861 4255 docendum,
902 4191 965 4243 ad
1011 4188 1425 4258 corripiendum,
1478 4188 1545 4241 ad
1589 4186 1841 4242 erudien-

263 4282 412 4334 du:u.
450 4281 525 4335 Ad
552 4281 847 4336 docendum
881 4282 1114 4351 quidem,
1147 4295 1267 4334 cum
1306 4294 1584 4348 perversos
1626 4278 1860 4332 indisci--

264 4372 588 4441 plinatorum
613 4387 787 4425 mores
810 4372 977 4425 sancti
1006 4371 1293 4438 magisterii
1313 4371 1535 4423 sanitate
1550 4370 1840 4438 componit.

264 4458 349 4512 Ad
390 4460 783 4528 corripiendum
833 4476 990 4526 vero,
1041 4476 1160 4514 cum
1204 4476 1414 4514 errores
1463 4460 1728 4513 b;crcseos
1781 4458 1846 4510 ab

265 4548 514 4603 Ecclesia
544 4548 638 4603 Dei
669 4565 800 4617 pura
831 4565 892 4604 ac
920 4566 1064 4603 mera
1104 4552 1454 4604 assertionum
1494 4564 1708 4603 suarum
1752 4562 1845 4600 ve-

265 4639 428 4692 ritate
454 4636 713 4692 confutat.
750 4637 1123 4707 Unusquisque
1149 4654 1376 4707 namque
1406 4638 1633 4691 ﬁdelium
1657 4637 1849 4691 divina:

266 4730 403 4795 legis
450 4729 816 4784 admonitione
863 4730 1143 4798 dignoscit,
1190 4747 1257 4785 ne
1296 4731 1502 4799 culpam
1545 4730 1753 4783 nescius
1798 4738 1851 4782 et

267 4818 490 4884 ignarus
524 4818 779 4880 incurrat,
812 4828 971 4888 atque
1020 4821 1185 4889 ipsius
1234 4822 1518 4874 severitate
1563 4828 1849 4885 terremur,

264 4922 338 4961 ne
368 4910 781 4977 pnesumptione
800 4910 1085 4964 damnabili
1116 4912 1399 4965 audeamus
1423 4910 1561 4979 quod
1593 4927 1698 4963 non
1725 4910 1853 4965 licet

267 5006 604 5066 perpetrare.
640 4999 806 5069 Ipsius
837 5000 1176 5055 nihilominus
1205 5001 1558 5053 insinuatione
1587 4999 1851 5053 bonorum

265 5088 644 5157 malorumque
703 5099 916 5143 actuum
984 5099 1282 5144 nostrorum
1340 5090 1567 5143 futurum
1616 5089 1849 5156 judiccm

266 5178 535 5234 sentimus
561 5177 747 5243 Deum,
781 5188 837 5233 et
864 5178 1181 5234 ctmﬁtemur
1209 5179 1455 5233 ultorem.
1481 5178 1606 5234 lnde
1635 5180 1687 5233 in
1716 5180 1852 5234 Scri-

266 5268 447 5339 pturis
474 5269 674 5322 sanctis
695 5278 749 5323 et
777 5270 1070 5324 honestatis
1105 5269 1347 5324 doctrina
1372 5278 1470 5333 est,
1502 5278 1556 5323 et
1584 5270 1851 5339 correptio

267 5358 616 5419 delictorum,
650 5367 702 5411 et
732 5358 961 5412 eruditio
1002 5359 1259 5413 veritatis.
1291 5356 1657 5430 Opportunum
1700 5375 1850 5413 nam-

266 5462 379 5517 que
409 5456 493 5499 est
522 5456 579 5500 ut
607 5449 780 5515 aliqua
808 5450 1015 5502 caritati
1044 5458 1234 5503 vestae
1262 5450 1329 5503 de
1376 5451 1640 5518 pudicitia:
1667 5450 1852 5504 obser-

267 5536 480 5600 vantia,
528 5535 596 5590 de
639 5538 899 5592 castitatis
944 5539 1183 5593 custodia
1232 5541 1630 5611 proloquamur.
1686 5540 1854 5594 Debet

267 5626 421 5680 enim
452 5641 562 5695 pra:
590 5628 796 5681 ceteris
843 5643 871 5680 a
923 5629 1074 5684 nobis
1112 5631 1393 5685 virtutibus
1421 5632 1636 5687 castitas
1666 5630 1853 5700 praedi-

267 5716 410 5780 cari,
457 5731 618 5785 quam
667 5733 777 5787 pra:
822 5719 1070 5773 erunibus
1116 5722 1370 5789 peculiari
1416 5722 1645 5790 quadam
1685 5720 1854 5787 gratia

264 5804 549 5862 nascendo
577 5804 642 5863 de
670 5808 871 5873 virgine
895 5807 1136 5863 Christus
1157 5810 1331 5872 elegit.
1368 5810 1431 5863 Et
1461 5812 1577 5865 ideo
1602 5810 1658 5864 S.
1685 5809 1856 5863 Evan-

1933 3013 2055 3080 gelii
2105 3014 2259 3070 nobis
2304 3016 2619 3071 assumenda
2650 3017 2891 3074 doctrina
2922 3031 3022 3086 est,
3057 3037 3216 3091 quam
3257 3012 3504 3078 divinitus

1933 3104 2241 3173 inspiratam
2272 3104 2507 3161 ﬁdelium
2531 3108 2705 3163 nullus
2732 3111 2956 3178 ignorat.
2983 3110 3056 3165 lbi
3081 3113 3223 3165 enim
3251 3114 3505 3182 scriptum

1861 3217 1905 3279 C
1935 3196 2165 3263 reperio,
2195 3197 2265 3249 ibi
2289 3212 2475 3252 omnes
2502 3199 2725 3264 legimus
2760 3218 2771 3252 :
2804 3202 2863 3255 Si
2892 3204 3004 3271 quis
3034 3204 3213 3257 viderit
3246 3206 3506 3259 mulierem

1935 3284 2003 3336 ad
2048 3286 2505 3354 concupiscendum
2545 3303 2677 3352 eam,
2709 3290 2823 3357 jam
2862 3292 3135 3344 moechatus
3183 3302 3259 3345 est
3303 3311 3417 3347 eam
3454 3297 3507 3347 in

1935 3372 2089 3426 corde
2109 3390 2199 3427 suo
2223 3372 2432 3443 (Matth.
2458 3374 2534 3444 v).
2560 3374 2765 3441 Videte,
2792 3377 3138 3443 dilectissimi,
3163 3395 3320 3447 quam
3345 3384 3508 3452 680

1934 3462 2291 3519 validissimus
2315 3464 2570 3519 Dominus
2590 3474 2773 3520 noster
2795 3468 2954 3522 totius
2976 3468 3313 3537 turpitudinis
3332 3485 3509 3524 emcn-

1937 3552 2092 3607 dator
2117 3554 2463 3623 petulantiam
2506 3556 2857 3610 humanorum
2898 3556 3127 3611 refrenat
3175 3567 3509 3628 aspectuum,

1939 3651 1993 3696 et
2013 3658 2120 3712 quo
2152 3644 2407 3713 ptmcipili
2436 3645 2613 3713 vigore
2658 3645 2924 3700 incentiva
2972 3647 3187 3701 lubrica:
3216 3649 3388 3703 carnis
3414 3665 3509 3703 an-

1942 3734 2176 3795 tevertit,
2209 3749 2276 3787 ne
2318 3734 2513 3787 malum
2544 3748 2760 3803 germen
2796 3734 2997 3791 lructus
3037 3738 3297 3806 pessimus
3323 3739 3499 3793 subse-

1940 3822 2162 3891 quatur!
2208 3838 2367 3891 quam
2419 3824 2572 3893 longe
2618 3840 2648 3878 a
2691 3825 2852 3881 corde
2898 3827 3127 3881 hominis
3174 3827 3288 3881 vult
3327 3828 3513 3884 abesse

1942 3914 2222 3977 luxuriam,
2250 3916 2340 3983 qui
2380 3922 2527 3969 tanta
2563 3910 2769 3971 cautela
2816 3916 3153 3973 lascivientes
3189 3921 3430 3989 reprimit
3458 3931 3514 3977 ct

1942 4006 2164 4073 castigat
2192 4006 2433 4061 obtutus!
2465 4007 2527 4061 Si
2554 4009 2683 4073 quis,
2719 4007 2907 4077 inquit,
2938 4010 3119 4063 viderit
3154 4012 3414 4066 mulierem
3445 4015 3513 4065 atl

1944 4096 2398 4165 concupiscendum
2425 4113 2556 4161 eam,
2577 4098 2691 4166 jam
2730 4099 3007 4152 marchatus
3034 4109 3111 4152 est
3142 4116 3255 4154 eam
3285 4103 3337 4154 in
3367 4102 3517 4155 corde

1943 4203 2055 4239 suo.
2090 4185 2172 4252 Et,
2206 4194 2263 4240 ut
2296 4187 2546 4253 arbitror,
2590 4188 2795 4241 ratione
2838 4188 3093 4244 Dominus
3136 4199 3243 4244 tam
3292 4193 3518 4248 sollicite

1944 4275 2205 4329 diabolica
2247 4282 2571 4329 tentamcnta
2617 4285 2971 4346 praeoccupat,
3010 4286 3067 4331 ut
3101 4279 3180 4332 vir
3216 4280 3512 4348 religiosus.

1945 4365 1991 4419 si
2016 4364 2198 4419 oculos
2223 4363 2356 4418 forte
2384 4380 2509 4418 suos
2537 4372 2825 4433 conspectu
2856 4366 3090 4421 mulieris
3127 4365 3335 4420 decora:
3371 4368 3517 4422 laxa-

1948 4454 2103 4519 verit,
2133 4461 2256 4507 ante
2301 4469 2359 4507 se
2398 4454 2759 4523 deprehendat
2789 4470 3010 4524 peccare
3042 4472 3197 4524 quam
3228 4465 3432 4527 peccet,
3464 4467 3518 4512 et

1878 4582 1927 4641 υ
1952 4543 2210 4610 intelligat
2237 4544 2510 4598 oculorum
2553 4561 2610 4599 se
2647 4562 2862 4599 suorum
2906 4546 3253 4616 deprobatum
3284 4549 3519 4603 ministe-

1950 4633 2032 4687 rio
2070 4641 2195 4687 ante
2234 4633 2515 4688 incurrisse
2544 4644 2749 4690 reatum
2778 4652 2936 4704 quam
2964 4647 3299 4706 perpetrasse
3332 4654 3517 4708 pecca-

1953 4730 2083 4775 tum.
2138 4722 2202 4775 Et
2246 4724 2376 4785 htcc,
2422 4724 2696 4787 carissimi,
2744 4742 2850 4778 non
2894 4736 2949 4777 ut
2991 4726 3306 4780 miserabilis
3356 4727 3519 4779 homo

1952 4810 2311 4880 praijudicium
2337 4812 2696 4866 damnationis
2726 4814 2979 4881 incurrat,
3006 4812 3099 4868 sed
3125 4822 3181 4866 ut
3208 4814 3523 4883 suspirantis

1953 4902 2185 4972 pectoris
2213 4902 2622 4971 compunctione
2646 4904 2883 4972 depulsa,
2909 4919 3012 4957 non
3038 4904 3332 4958 dissimulet
3358 4905 3524 4960 vitare

1953 5007 2111 5063 quam
2142 4992 2391 5060 praevidet
2420 4993 2649 5061 culpam.
2683 4993 2760 5046 0h
2788 5008 2908 5048 vere
2931 4992 3250 5048 infirmitatis
3275 4994 3521 5049 humanm

1956 5083 2196 5137 medicus
2224 5082 2498 5138 salutaris!
2532 5085 2632 5151 Qui
2679 5099 2747 5139 ne
2792 5084 3025 5139 inveniat
3066 5085 3118 5139 in
3159 5086 3373 5143 homine
3401 5104 3520 5143 cum

1957 5172 2186 5228 hominis
2214 5175 2430 5230 lresione
2459 5176 2597 5244 quod
2625 5184 2793 5241 curet,
2824 5175 3097 5246 prtemittit
3124 5178 3328 5233 vulneri
3358 5182 3526 5235 medi-

1957 5264 2152 5317 cinam.
2185 5262 2249 5318 Et
2275 5266 2397 5334 quia
2428 5266 2629 5319 nullum
2659 5265 2770 5319 vult
2796 5264 3129 5320 credentium
3151 5282 3368 5322 suorum
3391 5286 3525 5323 mor-

1960 5354 2128 5411 tiferis
2154 5365 2490 5425 peccatorum
2520 5356 2753 5412 febribus
2778 5366 3024 5423 testuare,
3054 5368 3287 5428 paternae
3315 5361 3529 5428 pietatis

1958 5449 2163 5504 medela
2191 5459 2313 5505 ante
2342 5458 2494 5504 sanat
2514 5465 2672 5518 quam
2698 5451 2949 5521 subrepat
2978 5450 3273 5516 inﬁrmitas,
3297 5451 3433 5507 sicut
3456 5454 3531 5506 ait

1956 5538 2146 5593 beatus
2171 5538 2425 5607 propheta
2456 5537 2622 5591 David
2654 5556 2665 5590 :
2696 5538 2833 5593 Deus
2859 5556 3019 5605 meus,
3048 5541 3396 5595 misericordia
3418 5543 3530 5611 ejus

1957 5631 2229 5701 prwtteniet
2252 5646 2330 5682 me
2356 5628 2526 5699 (Psal.
2559 5629 2725 5700 Lvut).
2756 5629 2966 5702 Optime
2994 5647 3222 5701 namque
3254 5632 3398 5685 novit
3427 5633 3526 5684 hu-

1962 5719 2102 5772 mani
2131 5718 2340 5785 generis
2367 5718 2509 5773 salus
2535 5734 2686 5773 same
2707 5721 3072 5790 conceptionis
3102 5721 3258 5775 noxia
3280 5732 3527 5772 reserare

1962 5808 2270 5880 primordia,
2293 5809 2380 5876 qui
2413 5809 2463 5862 in
2492 5810 2603 5879 ipsa
2629 5810 2881 5880 peccandi
2906 5810 3065 5879 janua
3093 5810 3382 5877 ingressum
3406 5807 3521 5860 dia-
