4054 6194
513 419 612 480 751

1578 416 1636 472 8.
1675 415 1918 470 MAXIM]
1957 412 2257 468 EPISCOPI
2298 413 2745 492 TAUBINENSIS

3666 414 3767 470 752

516 535 622 589 boli
648 531 991 604 subripietttls
1027 528 1284 586 excludit.
1331 526 1476 581 Unus
1518 526 1660 580 enim
1707 524 1955 594 idemque
1993 523 2087 577 Dei
2118 529 2160 584 Α
2193 531 2278 576 tus
2330 530 2596 590 aspectus.
2632 521 2827 576 Oculos
2867 535 3096 590 namque
3147 522 3449 593 accepimus
3491 533 3548 578 ut
3593 525 3767 583 lumen

515 627 678 681 Filius
709 634 910 680 natura:
941 632 1135 676 nostra:
1165 620 1420 674 Dominus
1447 627 1502 672 et
1538 618 1789 684 magister
1815 624 1900 670 est
1924 615 2088 670 casti-

513 721 655 774 tatis.
688 718 756 772 Et
781 717 908 786 quid
939 716 1112 770 dicam
1140 711 1401 767 castitatis
1431 709 1700 777 magister,
1729 721 1854 762 eum
1883 706 1995 776 ipse
2020 706 2091 759 sit

514 811 822 878 incorrupta
851 805 1130 876 pudicitia,
1161 804 1274 872 ipse
1301 801 1548 855 inviolata
1578 800 1647 853 sit
1673 798 1928 854 castitas?
1957 796 2091 851 Nam

514 900 567 954 in
596 897 748 967 cujus
773 912 868 952 ore
891 896 1046 950 dolus
1077 909 1182 947 non
1211 899 1294 946 est
1320 898 1584 953 inventus,
1609 888 1759 955 cujus
1779 903 1873 942 cor
1891 895 1946 941 et
1963 901 2092 940 caro

513 991 918 1047 cxsultaverunt
929 989 980 1041 in
993 987 1158 1040 Deum
1175 984 1372 1047 vivum,
1388 995 1454 1034 ne
1469 980 1520 1033 in
1533 977 1921 1046 oculisquidem
1937 976 2090 1030 vesti-

513 1083 660 1151 gium
676 1080 851 1151 potuit
864 1077 1062 1132 habere
1073 1074 1270 1129 delicti.
1287 1071 1448 1139 Ergo,
1464 1071 1672 1134 fratres,
1688 1067 1812 1136 quia
1830 1066 2089 1133 fragilita-

515 1181 624 1227 tem
641 1179 877 1225 nostram
899 1164 1212 1221 multimoda
1232 1170 1452 1232 peccata
1472 1164 1839 1227 corrumpunt,
1867 1163 2091 1210 nostra:-

513 1278 621 1334 que
632 1262 752 1316 vita:
766 1257 1098 1314 tremendum
1117 1251 1510 1321 illudjudicium
1523 1256 1871 1319 praeparatur,
1885 1245 2092 1300 cautius

514 1351 857 1422 aspiciamus,
887 1346 1122 1402 sanctius
1158 1343 1470 1408 cogitemus,
1513 1355 1580 1392 ne
1620 1337 1880 1406 subripiat
1917 1335 2092 1390 otioso

515 1440 661 1497 cordi
690 1449 875 1496 nostro
903 1431 1412 1510 circumvagautium
1443 1427 1703 1483 luminum
1732 1425 2095 1494 indisciplina-

2191 613 2405 683 corpori
2427 613 2715 682 praebeant,
2742 627 2850 667 non
2878 621 2937 666 ut
2963 613 3156 668 animat
3194 615 3424 669 inferant
3452 616 3764 672 mitatem.

2190 705 2351 774 691
2376 704 2443 759 Et
2471 713 2594 773 post
2621 705 2800 758 omnia
2843 705 3101 760 ministris
3138 706 3269 760 lucis
3297 707 3635 762 tenebrarum
3659 724 3770 765 non

2191 795 2388 849 debent
2432 810 2551 850 esse
2599 796 2855 860 leviores;
2888 797 2963 848 ait
3007 797 3147 850 enim
3185 796 3439 852 Dominus
3472 799 3543 853 ad
3575 815 3768 855 unum-

2192 900 2458 954 quemque
2489 895 2726 940 nostrum
2755 904 2768 937 :
2801 887 2863 941 Si
2892 887 3059 940 lumen
3097 888 3233 958 quod
3266 891 3320 942 in
3361 897 3410 942 te
3446 899 3522 943 est
3553 889 3769 947 tenebra

2195 986 2332 1038 sunt,
2363 976 2489 1045 ἔρδω
2513 977 2730 1030 tenebrw
2755 986 2961 1048 quanta:
2987 987 3134 1030 erunt
3157 977 3367 1047 (Matth.
3397 980 3502 1046 vi)!
3533 979 3601 1033 Et
3630 980 3769 1045 ideo,

2195 1067 2473 1127 carissimi,
2515 1067 2708 1136 saepius
2749 1069 2904 1122 nobis
2951 1067 3226 1138 Scriptura
3264 1079 3446 1124 sancta
3474 1079 3558 1124 est
3584 1087 3769 1126 recen-

2197 1154 2380 1219 senda,
2423 1169 2521 1224 per
2561 1157 2724 1226 682
2750 1171 2912 1225 quam
2940 1159 3206 1227 possimus
3247 1160 3529 1213 honestate
3565 1161 3769 1223 doceri,

2197 1245 2434 1298 coerceri
2476 1246 2734 1309 avaritiis,
2782 1256 2835 1300 et
2880 1249 3202 1302 salutaribus
3245 1265 3383 1303 vera:
3414 1249 3534 1304 ﬁdei
3581 1253 3773 1319 regulis

2198 1335 2414 1398 erudiri,
2441 1337 2582 1391 idem
2607 1339 2748 1393 sicut
2769 1339 2897 1394 dicit
2918 1340 3206 1410 Apostolus
3231 1360 3244 1394 :
3271 1341 3578 1396 Dilatamini
3597 1353 3645 1396 et
3667 1361 3773 1411 res,

2197 1433 2245 1478 et
2272 1424 2432 1480 nolite
2449 1425 2632 1498 jugum
2662 1428 2846 1482 ducere
2873 1445 2987 1482 cum
3022 1431 3316 1500 inﬁdelibus
3346 1431 3394 1501 (ι
3427 1433 3548 1488 Cor.
3574 1435 3667 1502 vl).

1903 1534 2169 1596 SERMO
2213 1535 2376 1597 CXI.

1743 1632 1936 1690 Contra
1966 1633 2204 1703 loquendi
2232 1635 2554 1696 pravitatem.

1955 1720 2343 1777 ADMONITIO.

587 1835 643 1890 lu
672 1833 860 1889 eodem
891 1829 1076 1885 codice
1104 1841 1177 1881 xu
1205 1821 1503 1894 Casinensi,
1546 1830 1668 1894 pag.
1698 1813 1824 1894 βδι,
1853 1821 2027 1894 exstat
2054 1813 2139 1893 hic
2167 1813 2808 1894 tertiusvmoralissermo
2843 1821 3112 1889 expressis
3143 1823 3320 1880 verbis
3346 1839 3466 1879 cum
3505 1825 3559 1879 in
3603 1827 3776 1893 titulo,
3832 1872 3834 1874 .

520 1882 643 1961 tuin
662 1882 980 1967 in'm'argine
1007 1897 1178 1952 sancti
1217 1893 1432 1967 Maximi
1476 1882 1711 1967 episcopi
1755 1882 2304 1967 nomineinsignitus.
2327 1882 2464 1967 δυηρ
2493 1885 2708 1967 dubium
2735 1903 2853 1944 esse
2882 1882 3058 1967 potest
3085 1907 3168 1967 ex_
3180 1894 3367 1967 eodem
3396 1894 3563 1958 fonte,
3592 1905 3651 1949 ut
3674 1882 3780 1950 duo

520 1951 1294 2044 adjici-iores,prodiisSe,cum
1325 1951 1526 2016 eadem"
1548 1958 1636 2012 hic
1658 1951 1868 2012 dicendi
1910 1952 2047 2006 ratio
2073 1951 2318 2020 idemque
2341 1952 2734 2024 Scripturarum
2771 1951 2897 2014 usus
2928 1961 2979 2013 in
3010 1978 3116 2030 quo
3136 1961 3192 2016 S.
3222 1962 3483 2017 Maximus
3511 1951 3777 2036 prmcipue

527 2037 797 2104 ex'celluit,
827 2037 1146 2093 inveniatur.

523 2132 890 2187 ARGUMENTUM
940 2158 1012 2168 —
1039 2123 1165 2194 Cum
1191 2122 1245 2174 in
1274 2116 1797 2194 superioriconcione
1933 2109 2105 2194 Maxi~
2137 2113 2181 2172 Β
2208 2111 2450 2181 stcrium,
2483 2121 2540 2168 et
2567 2115 2741 2172 nullus
2769 2117 3096 2188 simplicibus
3123 2120 3252 2177 viris
3279 2122 3526 2176 tendetur
3562 2124 3780 2194 laqueus

591 2181 909 2269 inﬁdeles
938 2195 1004 2247 ad
1033 2193 1200 2269 cordis
1239 2181 1632 2269 sanctimoniam
1670 2181 2099 2269 per.

890 2248 1177 2333 custodiam
1213 2260 1514 2333 adhortatus
1551 2255 1723 2326 fuerit,
1755 2252 1835 2333 [εἰς
1863 2248 2099 2330 loquendi

591 2340 850 2394 licentiam
879 2332 1161 2402 redarguit,
1203 2329 1525 2397 corruptique
1563 2329 1814 2378 sermonis
1853 2329 2097 2391 pessimos

594 2409 804 2477 effectus
835 2405 1154 2472 manifestat.

592 2475 897 2563 Congruum
944 2492 1099 2546 nobis
1147 2496 1231 2543 est
1280 2502 1345 2541 ac
1391 2483 1768 2545 necessarium,
1800 2479 2008 2542 fratres,
2036 2475 2101 2530 ad

525 2587 878 2646 eruditionem
908 2579 1414 2649 correptionemque
1443 2587 1778 2628 communem
1809 2568 2100 2639 apostolica

525 2676 728 2732 monita
772 2684 1076 2737 recensere,
1105 2676 1161 2723 et
1199 2667 1249 2721 in
1291 2665 1466 2720 verbis
1493 2661 1822 2732 simplicibus
1848 2658 2101 2713 salutaria

523 2764 774 2823 mandata
813 2759 1014 2828 rimari,
1055 2759 1193 2813 sicut
1229 2757 1487 2825 scriptum
1515 2760 1600 2808 est
1627 2771 1640 2806 :
1668 2751 1812 2805 Beati
1840 2751 1924 2822 qui
1956 2765 2101 2803 scru-

525 2865 700 2910 tantur
729 2851 1018 2908 testimonia
1062 2850 1192 2920 ejus,
1234 2848 1290 2900 in
1331 2853 1435 2901 toto
1483 2843 1634 2898 corde
1677 2841 1949 2911 exquirunt
1987 2855 2100 2891 eum

527 2945 699 3017 (Psal.
731 2944 900 3013 xvm).
933 2941 1021 2995 Ait
1048 2955 1175 3008 ergo
1215 2937 1629 3006 gloriosissimus
1655 2933 1848 2986 Paulus
1879 2950 1890 2984 :
1918 2929 2100 2984 Omnis

521 3050 688 3090 sermo
728 3032 891 3087 malus
918 3047 982 3085 ea:
1022 3046 1109 3084 ore
1136 3039 1300 3083 uestro
1335 3043 1437 3080 non
1479 3023 1720 3096 procedat
1751 3021 1963 3093 (Epltes.
2001 3021 2095 3088 tv).

522 3125 693 3192 Quam
729 3124 949 3196 pulchre
981 3135 1249 3191 quamque
1285 3117 1564 3186 magniﬁce
1604 3115 1899 3170 caelestium
1943 3113 2100 3166 disci-

523 3216 788 3287 plinarum
831 3211 1259 3284 Speciosissimus
1305 3207 1495 3263 doctor
1536 3205 1692 3262 unius
1741 3219 1879 3274 pene
1923 3203 2100 3277 rigore

522 3304 800 3360 sententia:
853 3301 1217 3357 ellrenationis
1265 3296 1557 3365 maliloquii
1607 3303 1661 3350 et
1706 3294 2097 3349 contumaciam

521 3394 713 3463 linguze
759 3393 1046 3464 petulantis
1090 3388 1366 3445 emendat!
1419 3385 1647 3458 Pr0pter
1699 3385 1842 3455 quod
1893 3385 2098 3458 videte,

2202 2202 2550 2259 adulantium.
2577 2204 2727 2262 Tolle
2768 2208 2958 2276 linguae
2985 2208 3202 2265 artiﬁcis
3235 2211 3511 2278 fabricam,
3541 2221 3596 2267 et
3625 2216 3779 2267 mali-

2202 2291 2274 2346 tia
2297 2293 2556 2348 scelcrum
2585 2311 2750 2351 vacua
2777 2299 3072 2354 remanebit
3097 2309 3120 2336 ει
3144 2301 3364 2355 avaritia
3391 2321 3403 2356 :
3435 2319 3609 2372 neque
3637 2306 3778 2359 enim

2200 2381 2336 2434 avidi
2367 2383 2542 2440 cordis
2583 2385 2747 2441 fames
2793 2387 2977 2455 insana
3015 2392 3271 2458 pascitur,
3301 2393 3404 2446 nisi
3450 2392 3503 2446 in
3541 2395 3775 2462 pnedam

2201 2473 2459 2540 malignus
2506 2491 2682 2530 sermo
2721 2481 3061 2546 processerit.
3097 2479 3279 2536 Omnis
3308 2501 3474 2538 sermo
3510 2487 3679 2539 malus
3711 2503 3776 2540 ea:

2201 2579 2290 2616 ore
2317 2575 2478 2619 vestro
2509 2583 2610 2620 non
2638 2570 2898 2638 procedat.
2933 2572 3102 2637 Quam
3146 2573 3304 2642 longe
3349 2590 3447 2629 nos
3485 2574 3596 2629 fieri
3626 2579 3776 2630 malis

2200 2653 2267 2706 ab
2303 2656 2554 2722 operibus
2593 2661 2862 2727 convenit,
2893 2663 3084 2730 quibus
3113 2663 3423 2732 delinquere
3453 2681 3553 2719 nec
3581 2667 3631 2719 in
3659 2683 3773 2720 ser-

2200 2755 2359 2796 mone
2405 2744 2758 2812 pet-mittitur!
2794 2747 2879 2800 Ait
2907 2749 3046 2802 enim
3079 2750 3131 2804 in
3162 2753 3612 2820 consequentibus
3649 2755 3778 2808 bea-

2202 2832 2435 2887 tissimus
2462 2831 2659 2891 Paulus
2684 2854 2696 2888 :
2727 2836 3029 2894 Fornicatio
3057 2849 3107 2894 et
3131 2843 3456 2897 immunditia
3486 2862 3576 2898 nec
3605 2849 3779 2901 nomi-

2199 2933 2346 2974 nefur
2372 2921 2435 2976 in
2461 2924 2622 2992 vobis,
2653 2933 2740 2978 aut
2780 2931 3162 3000 turpiloquium,
3199 2943 3289 2987 aut
3329 2937 3632 3002 scurrilitas,
3663 2955 3779 3008 qua:

2199 3013 2268 3065 ad
2294 3031 2400 3067 rem
2429 3031 2532 3068 non
2556 3019 2774 3086 pertinet
2797 3018 3010 3090 (Eplies.
3041 3020 3135 3094 xv).
3164 3021 3368 3079 Idcirco
3392 3027 3641 3080 nimirum
3662 3027 3778 3084 lucc

2198 3105 2376 3158 omnia
2405 3105 2544 3160 inter
2573 3106 2756 3162 fideles
2795 3109 2998 3165 inhibet
3038 3111 3325 3181 Apostolus
3362 3118 3674 3185 nuncupari,
3706 3133 3780 3174 ne

2198 3202 2290 3246 aut
2317 3194 2370 3247 in
2401 3210 2534 3265 opus
2562 3199 2851 3267 pessimum
2883 3201 3174 3271 maliloquii
3203 3205 3529 3260 consuetudo
3557 3206 3777 3261 demer-

2197 3293 2304 3353 gat,
2338 3295 2430 3341 aut
2459 3290 2687 3358 turpium
2736 3291 3066 3348 obscenitate
3111 3310 3418 3350 sermonum
3463 3297 3638 3353 dicata
3681 3300 3775 3354 Dei

2201 3373 2443 3431 laudibus
2470 3387 2774 3433 sanctorum
2818 3381 2994 3449 lingua
3039 3383 3331 3438 sordescat.
3365 3385 3493 3452 Quis
3522 3387 3664 3440 enim
3693 3385 3774 3441 fe-

520 3486 711 3540 fratres
745 3463 1023 3547 carissimi,
1070 3479 1515 3550 quemadmodum
1561 3477 1812 3545 magister
1854 3477 2089 3545 gentium
2119 3463 2165 3530 C
2195 3473 2280 3519 1'81
2309 3480 2375 3520 ex
2407 3481 2512 3522 uno
2541 3468 2836 3538 eOdcmtme
2875 3486 2970 3526 ore
2997 3488 3136 3528 nunc
3165 3473 3340 3528 divina
3369 3474 3600 3545 eloquia,
3635 3493 3777 3530 nunc

521 3580 576 3630 ct
603 3575 881 3629 dominicae
921 3574 1091 3628 vine-.0
1131 3579 1347 3642 putator
1375 3572 1618 3638 egregius
1647 3583 1830 3622 arsura
1861 3566 2096 3621 omnium

519 3674 787 3719 sarmenta
828 3664 1078 3718 vitiorum
1121 3661 1370 3732 pnnccpﬁ
1414 3662 1496 3715 sui
1544 3660 1678 3715 falce
1720 3658 1960 3713 succidit.
2003 3656 2096 3710 Di-

518 3753 690 3810 cendo
720 3753 861 3806 enim
894 3769 907 3805 :
939 3750 1120 3805 Omnis
1159 3767 1326 3804 sermo
1366 3751 1529 3804 malus
1565 3767 1628 3804 ex
1669 3765 1756 3803 ore
1794 3757 1960 3803 vestro
1993 3765 2095 3802 non

518 3845 781 3917 procedat,
813 3845 1057 3897 universa
1098 3843 1250 3896 simul
1279 3843 1453 3896 cordis
1482 3851 1643 3909 atque
1672 3840 1781 3894 oris
1807 3839 1976 3894 nostri
1999 3855 2096 3893 no-

521 3934 606 3988 xia
645 3937 992 4000 purgamenta
1031 3930 1280 3996 detergit.
1307 3929 1429 3996 Agit
1457 3930 1599 3980 enim
1630 3937 1686 3981 ut
1714 3929 1758 3982 si
1781 3929 2094 3998 cujusquam

517 4037 614 4078 cor
641 4020 837 4076 malitia
880 4017 1017 4074 forte
1056 4019 1252 4088 aliqua,
1278 4018 1489 4073 diabolo
1517 4019 1824 4090 inspirante,
1849 4021 2096 4089 pulsave-

518 4113 609 4178 rit,
640 4123 749 4165 non
777 4109 1011 4163 inveniat
1037 4109 1090 4163 in
1125 4125 1190 4164 eo
1229 4109 1491 4164 sermonis
1524 4110 1798 4179 operantis
1823 4109 2090 4165 ellcctum.

516 4199 705 4256 Omnia
751 4215 944 4270 nempe
992 4199 1320 4254 occultarum
1365 4201 1749 4269 cogitationum
1792 4215 2012 4265 venena,
2047 4199 2092 4255 si

515 4308 622 4348 non
654 4293 992 4364 proferantur
1017 4293 1070 4347 in
1100 4293 1280 4356 verba,
1307 4292 1446 4346 velut
1483 4291 1685 4347 defecta
1715 4292 1936 4358 viribus,
1963 4309 2092 4363 pro-

515 4385 661 4440 tinus
685 4393 1031 4438 evanescunt.
1063 4383 1139 4437 lta
1177 4385 1318 4438 enim
1347 4384 1415 4438 ad
1446 4385 1845 4454 exprimendum
1877 4387 2090 4454 maligni

513 4475 693 4531 cordis
731 4475 1062 4546 propositum
1088 4474 1156 4528 de
1184 4473 1366 4543 iniquo
1394 4475 1624 4543 quodam
1653 4492 1831 4530 sermo
1857 4479 2090 4548 prophe-

515 4566 653 4620 ticus
679 4571 1022 4634 protestetur,
1056 4562 1237 4618 dicens
1269 4581 1282 4614 :
1313 4563 1554 4634 Concepit
1587 4564 1833 4629 dolorem,
1858 4573 1906 4618 et
1934 4583 2090 4636 pepe—

512 4659 582 4712 rit
623 4657 945 4728 iniquitatem
975 4654 1146 4726 (Psal.
1189 4654 1283 4727 vn)
1317 4672 1330 4708 :
1362 4654 1415 4708 id
1452 4663 1555 4724 est,
1595 4655 1758 4712 homo
1803 4656 1997 4727 impius
2035 4665 2091 4712 et

512 4748 742 4817 injustas
794 4745 1050 4802 malitiam
1096 4761 1280 4812 suam,
1327 4759 1484 4815 quam
1529 4744 1692 4800 corde
1736 4756 2086 4818 conceperat,

512 4839 667 4895 labiis
711 4837 1040 4910 parturierit.
1080 4833 1232 4892 Tolle
1278 4851 1466 4892 revera
1507 4835 1848 4905 malignitatis
1875 4844 2085 4908 partum

512 4927 794 4994 sermonis,
825 4936 880 4983 et
906 4939 1235 4997 qumcunque
1279 4925 1332 4979 in
1368 4924 1530 4980 corde
1566 4926 1794 4980 hominis
1827 4937 2085 4999 concepta

513 5014 672 5069 fuerit
700 5018 975 5082 mmstitia,
1004 5016 1150 5084 velut
1178 5015 1475 5071 abortivum
1519 5014 1789 5084 quoddam
1832 5017 2086 5072 nascendi

512 5102 805 5160 efﬁcaciam
850 5121 958 5161 non
1005 5104 1241 5169 habebit,
1283 5107 1484 5175 suaque
1529 5119 1655 5158 mox
1699 5103 1836 5159 intra
1878 5106 2085 5160 viscera

512 5195 792 5248 morietur.
825 5191 1004 5249 Omnis
1040 5213 1161 5267 ergo
1189 5211 1356 5250 sermo
1383 5193 1548 5248 malus
1576 5210 1640 5248 ea:
1673 5210 1759 5248 ore
1789 5204 1952 5248 uestro
1981 5211 2084 5248 non

509 5285 772 5356 procedat,
797 5287 919 5354 quia
942 5289 1126 5356 procul
1149 5287 1310 5343 dubio
1329 5287 1472 5340 malo
1497 5286 1548 5340 in
1574 5300 1823 5340 sermone
1840 5285 2086 5356 blasphe-

509 5379 616 5435 mia
662 5386 763 5434 est.
811 5377 1048 5433 Remove
1096 5380 1275 5447 itaque
1317 5379 1622 5447 iniquorum
1661 5379 2078 5432 susurrationes:

508 5469 814 5533 verborum,
864 5475 920 5523 et
966 5467 1285 5523 incentivum
1337 5468 1678 5536 malignitatis
1729 5483 1838 5523 sua:
1885 5467 2080 5522 invidia

506 5571 616 5614 non
645 5557 878 5613 habebit.
913 5555 1149 5610 Remove
1193 5556 1432 5611 mollium
1473 5557 1732 5614 labiorum
1765 5569 1922 5630 turpe
1961 5575 2080 5630 m3:-

578 5775 604 5802 ιι
629 5762 708 5820 Ita
739 5764 790 5819 in
817 5765 1020 5820 codice.

2201 3558 2505 3614 daemonum
2535 3561 2692 3616 verba
2724 3564 2972 3631 prodire?
3001 3564 3128 3631 Quis
3155 3564 3291 3621 ferat
3318 3581 3476 3621 uuam
3506 3567 3775 3623 eamdem-

2197 3663 2303 3718 que
2333 3651 2560 3720 linguam
2593 3651 2700 3707 Dco
2731 3655 2958 3723 psallere
2995 3665 3049 3710 et
3077 3666 3294 3712 cantare
3319 3659 3571 3714 diabolo?
3597 3661 3775 3730 Atque

2198 3753 2254 3794 ut
2275 3741 2480 3810 plenius
2491 3757 2606 3810 qua:
2617 3754 2920 3816 quantaque
2938 3748 3040 3802 sint
3061 3749 3273 3818 maligni
3295 3753 3558 3808 sermonis
3580 3756 3768 3809 incen-

2198 3831 2302 3885 tiva
2325 3832 2717 3903 dignoscamus,
2747 3846 3050 3893 sanctarum
3070 3839 3465 3910 Scripturarum
3490 3843 3574 3898 vel
3603 3859 3773 3912 pauca

2195 3939 2532 3981 recurramus
2560 3929 2823 3998 exempla.
2855 3928 3023 3984 Malus
3050 3932 3190 3985 enim
3219 3948 3395 3987 sermo
3432 3933 3567 4002 Magi
3596 3933 3772 3989 Simo-

2195 4015 2276 4069 nis
2317 4015 2385 4070 de
2433 4032 2527 4072 ore
2571 4021 2848 4087 processit,
2897 4037 3017 4075 cum
3067 4022 3247 4077 oblato
3293 4024 3552 4094 apostolis
3596 4027 3773 4095 pretio

2192 4107 2486 4162 venundari
2533 4108 2631 4162 sibi
2681 4109 2772 4164 Dei
2819 4112 3044 4179 gratiam
3089 4113 3342 4181 postulat.
3385 4113 3556 4168 Malus
3591 4130 3772 4171 sermo

2193 4194 2457 4269 Egyptia:
2497 4199 2733 4253 mulieris
2761 4200 2827 4254 de
2854 4218 2949 4256 ore
2989 4203 3264 4271 processit,
3293 4219 3412 4273 qua:
3440 4215 3645 4258 castum
3670 4204 3769 4260 Jo-

2191 4288 2320 4356 soph
2367 4288 2416 4342 in
2465 4289 2802 4344 concubitum
2841 4307 2994 4346 suum
3027 4293 3164 4360 turpi
3195 4292 3516 4347 allocutione
3543 4309 3768 4347 succen-

2192 4378 2370 4431 dcbal.
2405 4377 2573 4432 Malus
2619 4395 2796 4434 sermo
2839 4382 3135 4436 avarissimi
3182 4383 3324 4450 regis
3365 4382 3543 4438 Acha:
3571 4386 3637 4438 de
3673 4401 3772 4440 ore

2191 4473 2469 4540 processit,
2497 4473 2657 4544 683
2697 4473 2785 4542 qui
2824 4471 3034 4528 llamma
3075 4490 3286 4530 vesana:
3329 4476 3636 4546 cupiditatis
3672 4492 3769 4533 ac-

2189 4578 2380 4618 census
2407 4563 2699 4634 impudenti
2720 4565 2897 4633 lingua
2921 4565 3131 4620 vineam
3157 4566 3416 4637 poscebat
3440 4567 3688 4632 alienam,
3710 4577 3772 4623 et

2187 4669 2300 4707 rem
2345 4654 2446 4708 sibi
2492 4653 2798 4721 indebitatn,
2829 4653 3044 4711 Jezabel
3088 4658 3274 4712 uxoris
3304 4673 3415 4713 sua:
3455 4658 3767 4728 maliloquio

2188 4745 2545 4814 ministrante,
2575 4747 2738 4801 occisi
2778 4748 3028 4817 pauperis
3075 4757 3248 4804 morte
3292 4749 3550 4818 possedit.
3598 4749 3769 4805 Malus

2111 4817 2164 4878 Ῐ)
2188 4849 2365 4889 sermo
2393 4833 2662 4889 traditoris
2687 4833 2839 4889 Juda:
2865 4834 2934 4891 de
2961 4850 3057 4891 ore
3083 4817 3360 4907 processit,
3389 4853 3515 4893 cum
3535 4838 3768 4894 domini-

2187 4940 2308 4980 cum
2349 4924 2662 4993 sanguinem
2689 4923 2992 4980 Judzeorum
3021 4926 3349 4997 principibus
3388 4927 3554 4998 impia
3595 4928 3767 4983 collo-

2187 5015 2403 5071 catione
2448 5015 2735 5070 vendebat.
2787 5014 2981 5070 Audite
3020 5016 3217 5084 adhuc,
3253 5017 3537 5083 carissimi,
3569 5026 3768 5087 quanta

2187 5107 2240 5160 in
2267 5098 2482 5160 humine
2511 5120 2607 5174 per
2633 5105 2815 5159 divina
2842 5104 3056 5175 eloquia
3084 5121 3193 5160 non
3229 5106 3403 5162 solum
3433 5108 3563 5172 oris,
3593 5107 3686 5162 sed
3709 5117 3770 5163 et

2185 5193 2462 5250 oculorum
2491 5193 2768 5264 disciplina
2797 5193 3072 5249 formatur.
3108 5195 3198 5250 Ait
3223 5196 3425 5266 quippe
3448 5197 3762 5267 Apostolus,

2182 5286 2321 5341 sicut
2345 5286 2542 5341 dictum
2568 5294 2650 5340 est
2676 5303 2688 5338 :
2723 5285 2903 5340 Omnis
2930 5303 3052 5357 ergo
3080 5303 3247 5342 sermo
3275 5288 3444 5342 malus
3470 5306 3538 5343 ex
3566 5306 3653 5344 ore
3676 5307 3764 5343 u-

2180 5385 2289 5430 stro
2315 5393 2419 5430 non
2447 5375 2692 5446 procedat
2731 5375 2946 5448 (Ephes.
2987 5375 3082 5446 tv).
3127 5377 3217 5431 Ait
3242 5386 3299 5433 et
3327 5378 3585 5436 Dominus
3616 5399 3629 5434 :
3662 5378 3764 5444 Qui

2181 5469 2362 5523 uiderit
2390 5468 2653 5522 mulierem
2683 5467 2752 5522 ad
2779 5470 3234 5540 concupiscendum
3254 5487 3388 5537 eam,
3406 5473 3523 5542 jam
3545 5473 3766 5526 maxim-

2181 5568 2264 5614 tus
2301 5569 2378 5614 est
2412 5559 2467 5613 in
2513 5559 2665 5613 corde
2705 5575 2796 5613 suo
2823 5560 3036 5630 (Matth.
3071 5558 3145 5628 v).
3188 5558 3516 5630 Perspicitis,
3551 5561 3762 5627 fratr..-s,
