4054 6194
1880 91 1894 121 Ι

288 268 392 323 735

1691 263 1918 324 SERMO
1953 264 2108 323 CXII.

3432 267 3547 329 πη

278 383 489 446 quanta
515 390 642 431 cura
672 384 727 432 et
754 386 954 449 quanta
991 375 1350 433 sollicitudine
1392 376 1739 447 prohibemur
1778 376 1862 431 vel
1891 381 1938 439 Α
1967 378 2033 431 ad
2064 377 2316 433 interiora
2347 379 2580 448 pectoris
2609 380 2777 435 nostri
2804 381 2970 451 possit
2991 389 3204 451 patrare
3228 391 3545 453 peccaturo;

279 465 435 534 loqui
465 466 657 534 turpia,
688 467 773 523 vel
799 468 964 539 684
990 467 1204 532 videre;
1237 474 1440 536 quanto
1470 475 1860 537 praceptorum

278 570 558 611 consensu
586 557 761 611 bonus
789 557 1043 613 Dominus
1068 565 1125 612 et
1156 572 1341 611 servus
1367 555 1535 612 fidelis
1560 565 1865 613 nostrorum

280 644 575 699 destruunt
601 659 798 713 organa
826 654 1190 716 peccatorum.
1219 645 1313 702 llle
1337 646 1483 700 enim
1506 646 1696 702 oculos
1715 660 1869 702 coer-

280 743 400 799 cet,
430 733 519 789 hic
549 735 801 803 linguam,
831 736 953 805 quia
981 751 1079 806 per
1104 736 1292 791 oculos
1319 737 1373 790 in
1400 751 1495 792 cor
1521 736 1754 792 hominis
1798 737 1868 791 ir-

282 823 433 892 repit
479 823 662 888 libido,
704 832 759 878 et
800 825 1224 894 concupiscentia
1251 826 1429 882 cordis
1463 827 1759 883 ministerio
1788 828 1867 882 lu-

282 912 428 967 brici
474 914 735 968 sermonis
780 915 1044 983 impletur.
1079 915 1180 970 Per
1216 917 1329 971 hare
1366 932 1495 986 ergo
1534 918 1784 973 mandata
1812 929 1868 974 et

281 1002 538 1060 Christus
583 1005 889 1061 sordentem
915 1015 1107 1077 purgat
1132 1015 1429 1077 aspectum,
1462 1024 1530 1063 ne
1557 1024 1654 1079 per
1680 1011 1865 1065 oculos

1964 476 2021 522 et
2044 467 2274 537 linguam
2301 477 2539 525 nostram
2566 471 2815 526 emendat
2838 472 3144 541 Apostolus,
3173 487 3243 527 ne
3268 480 3421 543 turpe
3443 472 3540 529 de»

1972 560 2226 615 siderium
2268 561 2475 630 turpior
2512 576 2688 617 sermo
2724 560 2982 631 perficiat.
3012 561 3239 633 Propter
3262 563 3432 634 quod,
3458 565 3540 620 dic

1971 651 2263 717 lectissimi,
2295 652 2442 707 omni
2468 669 2591 709 eum
2619 653 2891 722 vigilantia
2928 670 3213 712 caveamus
3249 670 3319 711 ne
3364 672 3544 712 sermo

1972 742 2144 797 malus
2178 749 2273 796 aut
2310 742 2477 811 turpis
2522 752 2709 799 nostra
2735 744 2803 798 de
2836 759 2935 799 ore
2970 748 3243 815 procedat,
3275 753 3329 799 ut
3358 760 3547 815 preces

1968 840 2203 899 nostras,
2231 846 2367 899 quas
2392 832 2589 902 suscipi
2617 849 2833 891 oramus
2858 834 2910 891 in
2931 836 3089 901 ctelo,
3112 844 3259 895 casta
3286 835 3356 891 ad
3378 836 3559 899 Deum

1969 922 2144 988 lingua
2171 922 2512 977 transmittat.

1662 1100 1929 1163 SERMO
1970 1103 2161 1167 CXII.

1429 1200 1503 1254 De
1525 1218 1671 1255 servo
1694 1204 2001 1258 centurionis
2031 1207 2082 1259 in
2117 1205 2411 1278 Evangelia.

1726 1293 2112 1352 ADMONITIO.

372 1378 700 1462 Benedictini
720 1380 973 1462 monachi
998 1393 1249 1449 congreg.
1279 1380 1536 1462 S.-_Mauri
1564 1397 1689 1462 opp.
1720 1383 1776 1438 8.
1810 1384 2071 1462 Ambrosii
2101 1389 2351 1462 editores,
2385 1391 2485 1445 etsi
2515 1392 2714 1462 apertis
2747 1393 2923 1448 verbis
2956 1394 3303 1453 indicaverint
3330 1401 3548 1457 concio-

292 1466 423 1504 nem
454 1449 905 1532 hanc‘dmbrosio.
930 1465 1183 1532 ηοω-βεδε
1210 1449 1613 1532 δεετίὺθηᾴιηηξ
1637 1449 1877 1532 attamen
1908 1457 2148 1532 eamdem
2188 1459 2240 1513 in
2282 1449 2387 1532 line
2423 1449 2727 1532 sermonum
2770 1463 2884 1531 ejus
2912 1480 3057 1518 num.
3076 1449 3515 1524 'ss‘ééiibééiiﬁii
3532 1488 3564 1532 ς.

287 1534 460 1641 gnam
489 1519 641 1572 veriti
671 1519 864 1573 fuimus
893 1519 944 1573 in
974 1520 1345 1574 collectionem
1376 1529 1616 1575 nostram
1647 1524 1945 1590 traducere,
1976 1527 2148 1581 donec
2179 1530 2375 1583 nostris
2415 1530 2583 1584 oculis
2610 1519 2837 1587 vidimus
2863 1534 2915 1586 in
2946 1535 3065 1587 cod.
3102 1534 3169 1587 99
3193 1519 3551 1595 's'."CE.3'cis"i.i

333 1588 593 1641 erusaleni
625 1588 837 1641 nomine
865 1587 921 1641 S.
954 1588 1169 1641 Maximi
1198 1590 1419 1641 relatam
1446 1607 1590 1641 num.
1624 1590 1712 1641 94-
1736 1600 1789 1641 et
1816 1592 2063 1641 ἱιιιΙὶι-ἰιιιη
2090 1597 2249 1641 etiam
2277 1598 2565 1641 δικιιίκίῐηί
2597 1602 2881 1641 pariliimlic
2906 1604 3102 1641 ηοωηςς
3156 1605 3200 1641 ιε
3233 1608 3391 1641 εστι..-
3416 1610 3549 1641 una-

333 1588 593 1673 erusalem
625 1588 837 1641 nomine
865 1587 921 1642 S.
954 1588 1419 1673 Maximinrela‘tam
1446 1607 1597 1671 num.
1736 1600 1789 1645 et
1810 1587 2063 1673 judicium
2090 1597 2249 1650 etiam
2277 1598 2566 1673 doctissimi
2597 1602 2882 1673 cardinalis
2905 1604 3123 1658 Besutii.
3156 1587 3551 1673 ls'igivturvs'cci:

292 1658 375 1742 lrit
408 1674 421 1708 :
452 1657 750 1738 Postremus
777 1673 963 1738 sermo,
995 1675 1143 1742 queui
1171 1658 1236 1740 S,
1263 1658 1485 1740 Maximi
1512 1661 1765 1742 existima,
1798 1657 1873 1715 est
1899 1662 1962 1742 de
1988 1682 2129 1720 serva
2173 1670 2483 1742 centurionis
2522 1670 2587 1742 in
2614 1668 2926 1742 Evangelia;
2956 1674 3009 1727 in
3058 1657 3379 1732 dediéaiibiié
3409 1657 3550 1732 iiii—

292 1728 435 1813 lica'z,
467 1725 945 1813 cujus-principium
974 1725 1088 1813 esti
1115 1727 1351 1813 Itegimus
1399 1730 1453 1813 in
1491 1741 1669 1813 sancto
1714 1729 2009 1813 Evangelia,
2046 1744 2151 1813 etc_.
2281 1776 2293 1788 .
2340 1739 2427 1808 qui
2466 1740 2665 1813 quidem
2696 1725 2796 1794 non
2826 1725 3021 1812 est'pra
3052 1725 3558 1813 {esto

290 1795 548 1893 ecclesiis,
576 1806 788 1877 utnunc
814 1796 868 1847 in
896 1812 1036 1850 mare
1065 1795 1326 1893 Ιιαὸἷεὶπιιέδ2
1357 1798 1741 1893 sedLest'sermo
1761 1802 1831 1852 ad
1855 1795 2094 1893 populum
2120 1795 2492 1893 habitus,'cuni
2529 1810 2592 1862 de
2621 1826 2757 1890 nova
2786 1828 2817 1861 η
2848 1795 3555 1893 comite,'gui

287 1865 505 1947 rotatis.
518 1866 721 1918 nomine
742 1881 1006 1947 comesque
1034 1864 1407 1947 appellabatur,
1440 1866 1651 1947 basilica
1681 1864 1970 1947 constructa
2011 1875 2126 1941 fuit.
2162 1864 2366 1947 Laudat
2393 1893 2587 1947 quoque
2615 1878 2667 1930 in
2695 1879 2870 1932 eodem
2891 1880 3018 1934 duos
3036 1864 3221 1945 tritius,

293 1942 351 2024 τε
389 1933 941 2024 Μειρξιξξίηιζιζιιὶζριεί
969 1933 1247 2024 mediocres
1276 1937 1568 2024 .innsaicul‘o
1605 1933 2152 2024 fortunisqnemtenucs,
2185 1933 2564 2020 tabernaculum
2605 1956 2773 2001 tamen
2816 1933 3042 2004 basilica:
3070 1933 3554 2024 construi

296 2004 523 2057 Accedit
542 2004 703 2057 etiam
731 2005 1096 2058 testimonium
1120 2005 1319 2059 codicis
1346 2004 1705 2073 Sangallensis
1734 2004 1880 2063 num.
1914 2008 1999 2062 75.

294 2118 793 2191 Aucuussruu._—-
821 2115 960 2180 Quid
987 2115 1248 2191 Maritimus
1287 2117 1385 2191 hoc
1413 2118 1465 2191 in
1496 2124 1881 2191 sermonetra-
1914 2122 1959 2181 B
1988 2121 2175 2187 vatori,
2209 2131 2263 2176 et
2289 2132 2543 2191 quantum
2580 2123 2793 2179 festinat
2828 2125 2893 2180 de
2930 2126 3160 2183 hostium
3192 2130 3435 2185 manibus
3461 2146 3553 2185 ca-

283 2253 288 2256 _
373 2187 583 2257 araverit
609 2186 735 2257 satis
764 2202 830 2239 e:c
860 2187 1109 2255 superiori
1146 2188 1532 2241 eminentissimi
1564 2187 1754 2242 Besutii
1786 2188 1879 2257 ju-

376 2256 514 2309 dicio
539 2256 861 2325 exploratum
889 2266 983 2309 est.

376 2386 627 2453 Legimus
656 2386 706 2439 in
736 2384 794 2439 S.
835 2384 1148 2456 Evangelia,
1177 2403 1296 2443 cum
1340 2386 1668 2442 centurionis
1705 2387 1885 2457 cujus-

296 2475 431 2529 dam
457 2490 641 2529 servus
669 2475 759 2545 qui
790 2484 907 2529 erat
946 2476 1020 2529 illi
1056 2476 1360 2545 pretiosior,
1392 2491 1424 2530 e
1450 2477 1599 2544 gravi
1628 2477 1887 2548 paralysis

298 2565 623 2633 aegritudine
669 2566 957 2629 laboraret,
990 2574 1045 2621 et
1073 2582 1171 2636 per
1199 2567 1437 2622 seniores
1464 2566 1770 2623 Iudaeorum
1800 2569 1889 2624 ille

299 2655 552 2709 centurio
580 2664 793 2722 rogaret
818 2655 1152 2710 Salv‘atorem
1182 2664 1240 2710 ut
1268 2656 1383 2725 ejus
1410 2657 1683 2713 doloribus
1702 2660 1887 2714 mede-

308 2754 466 2799 retur
508 2746 641 2811 (erat
681 2745 836 2813 enim,
868 2754 926 2799 ut
965 2746 1039 2799 ait
1084 2744 1376 2815 Scriptura,
1402 2748 1722 2818 moriturus),
1752 2749 1891 2804 inter

300 2846 503 2891 cetera
531 2836 597 2890 ad
628 2837 882 2906 majorem
913 2837 1392 2895 commendationis
1426 2840 1651 2907 gratiam
1681 2856 1887 2895 sermo-

304 2928 392 2981 nis
418 2925 719 2982 Judxnorum
746 2927 942 2982 dixisse
966 2927 1197 2982 Domino
1230 2946 1242 2981 :
1276 2928 1501 2999 Dignum
1527 2939 1603 2985 est
1624 2930 1793 2985 uthac
1813 2932 1889 2985 illi

304 3027 521 3087 prastes
561 3035 579 3071 :
618 3019 787 3089 diligit
822 3021 957 3073 enim
987 3029 1186 3090 gentem
1216 3030 1466 3088 nostram,
1497 3032 1547 3076 et
1573 3040 1889 3095 synagogam

300 3111 422 3177 ipse
446 3110 718 3178 mdiﬁcarit
741 3111 888 3164 nobis
919 3110 1068 3181 (Luc.
1101 3128 1173 3166 vn
1200 3121 1251 3165 et
1276 3112 1461 3184 seqq.).
1491 3113 1548 3167 Si
1576 3128 1705 3181 ergo
1742 3130 1888 3169 com-

306 3199 595 3253 mendatur
624 3198 851 3254 Domino
880 3202 972 3269 qui
997 3201 1278 3257 aedificavit
1311 3218 1657 3273 synagogam,
1687 3214 1890 3272 quanto

304 3298 395 3345 est
433 3290 855 3345 commendatior
890 3294 981 3361 qui
1024 3292 1304 3348 aedificavit
1330 3295 1651 3349 ecclesiam?
1680 3294 1745 3347 Et
1774 3295 1817 3349 si
1846 3295 1889 3349 is

308 3389 550 3437 meretur
575 3383 799 3451 gratiam
829 3385 918 3452 qui
949 3385 1240 3454 impietatis
1270 3387 1661 3456 receptaculum
1692 3387 1892 3457 [mesti-

1981 2212 2159 2280 ptivos
2196 2227 2403 2276 eruere,
2437 2222 2586 2268 tanto
2632 2217 2794 2285 685
2838 2216 3006 2283 magis
3036 2217 3248 2271 festinat
3287 2235 3316 2273 a
3355 2220 3553 2276 diaboli

1984 2317 2039 2358 se
2067 2303 2343 2373 sacrilegio
2372 2304 2615 2359 liberare.
2664 2303 2743 2360 lbi
2783 2307 3028 2363 inimicos
3063 2311 3258 2364 terreni
3294 2313 3435 2382 regis
3470 2314 3552 2369 in-

1986 2391 2194 2457 terficit,
2227 2392 2315 2447 hic
2343 2393 2677 2450 adversarios
2717 2395 2925 2450 Domini
2965 2398 3197 2455 cmlestis
3226 2400 3552 2472 insequitur;

1986 2484 2057 2539 ibi
2085 2486 2342 2542 barbaros
2378 2487 2564 2553 vincit,
2592 2488 2681 2543 hic
2708 2488 2996 2546 daemones.
3038 2490 3280 2561 Sapiens,
3321 2493 3559 2563 inquam,

1985 2574 2073 2642 qui
2103 2574 2240 2630 sicut
2269 2591 2450 2631 eomes
2478 2578 2813 2647 imperatoris
2843 2588 2942 2644 est,
2977 2580 3047 2633 ita
3074 2587 3127 2635 et
3154 2595 3335 2635 comes
3361 2581 3556 2638 Christi

1986 2680 2106 2720 esse
2134 2665 2419 2721 desiderat.
2453 2666 2586 2721 Nam
2613 2668 2752 2723 bene
2777 2670 2959 2738 utique
2984 2678 3037 2724 et
3065 2670 3310 2738 religiose
3329 2672 3556 2738 agendo,

1986 2756 2297 2824 dignitatem
2340 2769 2489 2812 suam
2534 2758 2680 2828 cupit
2725 2763 2843 2813 eSSe
2887 2768 3216 2830 perpetuam,
3265 2760 3557 2816 secundum

1987 2846 2128 2914 quod
2155 2847 2411 2916 scriptum
2434 2855 2516 2901 est
2545 2848 2596 2901 in
2626 2849 2884 2918 propheta
2920 2866 2931 2901 :
2963 2848 3034 2902 Et
3062 2866 3167 2915 ros,
3191 2866 3220 2905 ο
3249 2850 3367 2905 boni
3395 2866 3558 2921 reges,

1989 2934 2150 2989 bonas
2180 2938 2334 3007 facile
2360 2939 2469 2991 vias
2494 2946 2688 2991 vestras
2711 2948 2761 2990 et
2786 2939 2957 2992 studia
2984 2949 3167 3004 τρεῖν-α,
3197 2949 3242 2996 et
3274 2941 3446 2993 audite
3471 2958 3558 2995 ro-

1989 3042 2095 3081 cem
2134 3026 2345 3081 Domini
2392 3027 2489 3082 Dei
2535 3030 2707 3097 vestri,
2745 3040 2794 3083 et
2828 3030 3085 3100 pwnitebit
3122 3029 3400 3084 Dominum
3440 3031 3566 3086 ntali

1989 3118 2125 3188 quod
2152 3120 2347 3171 locutus
2374 3128 2461 3171 est-
2478 3119 2745 3173 adversum
2773 3136 2857 3173 vos
2882 3119 3056 3181 (Prov.
3083 3120 3247 3191 xxvr).
3275 3119 3415 3191 Ergo
3442 3136 3561 3175 cum

1991 3208 2232 3261 centurio
2252 3217 2467 3277 rogaret
2486 3208 2768 3263 Dominum
2794 3217 2850 3262 ut
2878 3209 2945 3263 de
2971 3218 3143 3264 morte
3166 3219 3383 3264 erueret
3401 3224 3564 3277 :rgro-

1990 3303 2219 3361 tantem,
2259 3305 2312 3351 et
2347 3297 2510 3351 vellet
2557 3297 2814 3352 Dominus
2861 3297 2928 3351 ad
2972 3298 3187 3354 domum
3239 3299 3569 3359 centurionis

1990 3403 2236 3457 pergere,
2268 3390 2318 3443 in
2348 3404 2451 3457 qua
2490 3390 2733 3444 servulus
2767 3388 3132 3451 decumbebat,
3165 3390 3238 3442 ait
3274 3391 3518 3445 centurio
3549 3405 3562 3441 :

310 3475 398 3538 tit,
430 3483 630 3542 quanto
674 3475 934 3543 majorem
982 3487 1220 3531 meretur
1256 3479 1479 3545 gratiam
1518 3479 1608 3547 qui
1646 3479 1889 3546 religioni
1918 3470 1963 3532 C
1998 3479 2231 3543 Domine,
2263 3495 2366 3531 non
2396 3496 2508 3532 sum
2535 3480 2716 3550 dignus
2746 3489 2801 3532 ut
2830 3480 2987 3532 intres
3025 3478 3115 3532 sub
3155 3487 3339 3531 tectum
3378 3494 3564 3533 meum.

306 3565 638 3620 domicilium
660 3567 1011 3635 prmparavit?
1033 3567 1099 3621 Et
1127 3568 1171 3622 si
1194 3569 1281 3623 ille
1302 3569 1505 3623 cmlesti
1529 3569 1889 3624 misericordia

309 3655 560 3710 visitatur
586 3656 675 3722 qui
710 3657 1008 3711 construxit
1048 3657 1223 3712 locum
1266 3658 1355 3712 ubi
1393 3656 1637 3712 Christus
1682 3674 1895 3729 semper

312 3753 557 3811 negatur,
588 3754 787 3816 quanto
833 3748 1002 3816 magis
1040 3748 1334 3804 visitandus
1362 3757 1443 3804 est
1473 3759 1498 3787 α
1521 3751 1613 3819 qui
1647 3750 1895 3805 fabricari

313 3835 442 3890 iecit
464 3836 857 3892 tabernaculum
889 3839 979 3892 ubi
1006 3837 1248 3894 Christus
1276 3840 1515 3910 quotidie
1542 3840 1895 3911 praedicatur?

310 3923 372 3979 In
401 3926 713 3981 centurione
741 3928 881 3981 enim
910 3927 1167 3984 Dominus
1194 3946 1301 3985 non
1330 3929 1459 4001 quid
1485 3932 1662 4002 operis
1688 3931 1892 3996 fecerit,

312 4015 411 4070 sed
439 4030 544 4082 qua
572 4025 750 4072 mente
778 4028 1030 4088 operatus
1056 4020 1127 4074 sit
1151 4022 1538 4090 comprobavit.
1566 4022 1696 4076 Nam
1726 4022 1816 4093 qui
1840 4022 1894 4076 id

315 4106 575 4175 temporis
602 4122 708 4176 quo
743 4108 979 4162 nondum
1016 4108 1306 4164 Christiani
1340 4119 1494 4165 erant
1536 4112 1765 4166 sollicite
1804 4127 1894 4181 sy-

317 4209 582 4263 nagogam
611 4195 765 4261 fecit,
809 4198 854 4253 si
882 4197 1105 4255 fuissent
1139 4200 1322 4268 utique
1353 4200 1661 4263 Christiani,
1694 4201 1896 4255 intelli-

315 4287 463 4355 gitur
488 4286 632 4356 quod
678 4288 847 4343 multo
892 4289 1172 4345 sollicitius
1212 4288 1424 4345 fecisset
1458 4290 1757 4345 ecclesiam.
1790 4290 1898 4345 Sed

318 4385 501 4431 tamen
531 4378 654 4432 licet
681 4394 1002 4449 synagogam
1030 4380 1277 4442 mdilicet,
1309 4378 1578 4434 Christum
1611 4379 1895 4449 praedicat;

320 4467 375 4520 in
407 4467 523 4535 ipsa
552 4468 691 4522 enim
722 4484 885 4537 opere
912 4477 1216 4524 commonet
1244 4468 1543 4524 Pharismos
1563 4469 1758 4524 debere
1780 4470 1898 4524 illos

321 4557 595 4626 suscipere
641 4556 995 4625 Salvatorem,
1042 4566 1096 4613 et
1138 4560 1472 4613 demonstrat
1514 4567 1796 4629 propterea
1841 4574 1900 4614 se

320 4647 724 4702 tabernaculum
764 4650 989 4718 amplius
1016 4648 1298 4715 addidisse,
1329 4656 1387 4703 ut
1426 4648 1787 4718 multipliciter
1822 4649 1897 4703 ibi

320 4737 535 4792 Domini
560 4739 781 4806 gloriam
812 4741 1173 4809 loquerentur.
1199 4738 1257 4793 Si
1290 4739 1433 4794 enim
1461 4738 1631 4793 credit
1656 4739 1709 4792 in
1740 4737 1895 4792 Chri-

1994 3567 2227 3621 Excnsat
2255 3567 2418 3635 igitur
2444 3568 2707 3633 centurio,
2740 3575 2796 3620 et
2820 3582 2886 3619 ne
2915 3567 3012 3619 sub
3036 3574 3229 3620 tectum
3256 3566 3370 3635 ejus
3394 3568 3566 3635 ingre-

1994 3657 2171 3711 diatur
2212 3657 2465 3711 Dominus
2505 3657 2774 3723 indignum
2818 3666 2876 3711 se
2903 3656 3049 3710 dicit.
3095 3654 3233 3709 Ecce
3267 3656 3457 3724 dignus
3484 3664 3567 3713 cst

1993 3761 2173 3802 comes
2201 3755 2404 3813 noster,
2441 3745 2541 3800 sub
2570 3746 2720 3814 cujus
2749 3754 2944 3800 tectum
2990 3745 3147 3800 hodie
3192 3744 3441 3800 Salvator
3485 3746 3568 3801 in.

1994 3836 2249 3905 greditur.
2279 3836 2562 3891 Videamus
2591 3838 2704 3907 ipsa
2744 3836 3073 3891 centurionis
3103 3836 3383 3890 excusatio
3406 3850 3567 3904 quam

1994 3926 2188 3980 habeat
2205 3925 2458 3993 gratiam;
2480 3925 2556 3979 ait
2580 3925 2724 3981 enim
2756 3943 2768 3978 :
2796 3924 3032 3991 Domine,
3056 3942 3158 3980 non
3179 3941 3290 3979 sum
3312 3926 3496 3997 dignus
3514 3933 3569 3979 ut

1993 4018 2151 4071 intres
2175 4016 2266 4070 sub
2297 4024 2479 4070 tectum
2504 4032 2689 4082 meum,
2713 4014 2739 4053 δ
2770 4015 2862 4069 sed
2889 4024 3089 4069 tantum
3116 4016 3196 4068 dic
3219 4014 3389 4083 verba,
3412 4031 3565 4068 sana~

1998 4107 2131 4161 bitur
2159 4124 2284 4177 puer
2310 4124 2454 4160 meus
2478 4107 2690 4177 (Matth.
2713 4107 2848 4176 vni).
2879 4105 2923 4160 Ο
2953 4105 3081 4161 ﬁdes
3108 4105 3431 4172 Christiana,
3454 4122 3573 4177 qum

1996 4213 2118 4252 cum
2160 4196 2458 4250 humilitate
2506 4203 2674 4250 totum
2706 4197 2993 4265 impetrare
3039 4197 3383 4250 consuevisti.
3435 4195 3574 4251 Ecce

1997 4289 2277 4358 religiosus
2318 4287 2560 4343 centurio
2597 4287 2663 4341 ad
2704 4285 3067 4355 accipiendam
3107 4286 3333 4340 salutem
3362 4286 3574 4355 dignior

2000 4379 2085 4443 tit,
2116 4379 2243 4433 dum
2272 4392 2330 4432 se
2358 4376 2638 4447 profitetur
2680 4376 2979 4443 indignum;
3012 4382 3066 4429 et
3104 4374 3231 4429 dum
3268 4373 3409 4428 ardes
3450 4388 3573 4429 suas

2000 4469 2279 4539 injuriosas
2298 4476 2471 4539 putat,
2495 4467 2663 4536 magis
2685 4482 2775 4521 eas
2797 4466 3120 4521 honoriﬁcus
3144 4464 3269 4520 fecit
3297 4472 3351 4519 et
3374 4470 3569 4533 gratas.

1999 4560 2201 4628 Magnae
2229 4562 2372 4616 enim
2409 4568 2463 4615 et
2507 4560 2756 4631 perlecta:
2808 4557 2927 4613 ﬁdei
2975 4558 3075 4627 vir,
3125 4558 3217 4628 qui
3256 4556 3579 4624 intelligeret

1998 4652 2268 4707 Christum
2297 4652 2579 4708 Dominum
2606 4652 2861 4707 coalorum
2888 4665 3023 4713 esse,
3055 4649 3180 4704 dum
3202 4648 3485 4704 verebatur
3506 4660 3575 4700 ne

2002 4741 2216 4809 hospitii
2242 4742 2324 4795 sui
2351 4756 2472 4798 eum
2501 4750 2723 4810 angusta
2752 4741 2915 4811 686
2948 4755 3054 4794 non
3085 4738 3406 4808 acciperent.
3432 4734 3579 4804 Ergo

322 4838 466 4884 stum
489 4829 735 4883 conditor
770 4844 1072 4900 synagoga},
1100 4830 1269 4885 multo
1299 4831 1468 4898 magis
1495 4829 1713 4884 credere
1741 4828 1900 4882 debet
1927 4825 1977 4885 D
2003 4828 2410 4884 contradicente
2439 4830 2771 4893 centurione,
2806 4844 2912 4884 non
2943 4827 3115 4897 pergit
3141 4826 3205 4880 ad
3234 4826 3449 4883 domum
3477 4824 3582 4879 Do«

322 4921 596 4975 habitator
630 4921 795 4990 ipsius
833 4934 1134 4992 synagogae.
1162 4920 1419 4975 Centurio
1451 4934 1602 4989 ergo,
1631 4920 1676 4974 si
1698 4917 1895 4987 justiti-

324 5020 477 5064 catus
504 5017 586 5063 est
622 5017 841 5079 propter
868 5024 1004 5078 opus
1044 5009 1227 5078 fragile
1261 5010 1345 5064 vel
1388 5017 1680 5075 terrenum,
1705 5006 1898 5077 justifi-

323 5101 531 5155 candus
555 5101 711 5170 plane
738 5101 821 5155 vir
845 5100 1173 5156 clarissimus
1198 5108 1254 5156 et
1284 5100 1782 5170 providentissimus
1804 5114 1898 5154 co-

322 5206 441 5244 mes
470 5199 651 5246 noster
675 5198 896 5261 propter
915 5206 1050 5261 opus
1070 5200 1179 5244 tam
1203 5199 1519 5260 perpetuum
1538 5192 1623 5246 vel
1644 5190 1858 5247 cmleste
1882 5208 1895 5244 :

323 5281 418 5350 qui
449 5295 649 5347 comes,
678 5280 818 5335 sicut
852 5283 933 5334 est
973 5279 1285 5334 centurione
1313 5280 1571 5348 dignitate
1597 5280 1796 5350 potior,
1826 5280 1899 5332 ita

323 5380 383 5428 et
414 5372 515 5425 lide
542 5372 701 5426 debet
729 5386 847 5427 esse
872 5371 1136 5425 devotior.
1179 5369 1404 5440 Sapiens
1430 5371 1514 5425 vir
1540 5380 1595 5425 et
1622 5370 1903 5436 religiosus

327 5477 531 5526 eomes,
560 5462 652 5530 qui
690 5471 949 5531 quantum
978 5462 1031 5516 in
1059 5461 1200 5516 bello
1228 5460 1539 5531 imperatori
1566 5460 1759 5515 militat
1784 5458 1903 5515 Sal-

327 5571 589 5697 “$232..
621 5572 679 5629 S.
707 5573 891 5630 Crucis
919 5572 972 5629 in
999 5572 1109 5631 Jcr.
1132 5573 1261 5645 legit
1288 5590 1302 5629 :
1333 5573 1420 5645 qui
1442 5571 1710 5644 fabrefecit
1733 5571 1904 5627 taber—

2003 4917 2197 4972 minus.
2244 4917 2361 4972 Non
2389 4917 2563 4987 pergit
2591 4918 2864 4982 Dominus,
2895 4915 2988 4972 sed
3025 4916 3198 4986 pergit
3220 4914 3430 4975 Domini
3456 4930 3577 4971 me.-

2003 5007 2209 5073 dicina;
2261 5023 2369 5063 non
2417 5007 2598 5065 visitet
2639 5015 2896 5075 aegrotum
2945 5006 3216 5073 Salvator,
3258 5004 3355 5060 sed
3399 5005 3583 5065 visitat

2003 5098 2204 5153 sanitas
2242 5097 2556 5154 Salvatoris.
2598 5098 2676 5152 De
2716 5096 2966 5152 fratribus
2994 5111 3121 5151 vero
3150 5095 3346 5151 nostris
3374 5096 3578 5151 sanctis

2006 5189 2134 5243 viris
2161 5188 2429 5249 Vitaliano
2458 5196 2512 5244 et
2536 5186 2746 5260 Majano
2773 5186 2900 5256 quid
2929 5185 3136 5240 dicam?
3164 5184 3287 5241 Scio
3318 5185 3435 5240 illos
3463 5185 3579 5254 gluo

2006 5279 2137 5333 riam
2185 5279 2253 5334 ah
2296 5278 2598 5338 hominibus
2632 5292 2739 5330 non
2777 5290 3035 5345 qumrere,
3069 5276 3167 5329 nisi
3204 5291 3233 5329 a
3272 5275 3388 5330 solo
3418 5275 3528 5329 Deo
3562 5292 3575 5326 :

2005 5366 2102 5422 sed
2127 5376 2304 5423 tamen
2324 5367 2535 5422 laudem
2555 5381 2761 5432 eorum,
2786 5366 2887 5420 etsi
2907 5380 3009 5434 ego
3032 5375 3253 5434 taceam,
3274 5365 3387 5434 ipsa
3412 5379 3578 5434 opera

2009 5459 2330 5529 loquuntur;
2370 5459 2439 5512 ad
2475 5458 2711 5528 ipsorum
2739 5456 2883 5511 enim
2914 5455 3122 5511 laudem
3160 5454 3390 5526 pertinet
3417 5453 3579 5523 quid-

2080 5570 2106 5608 ι’
2136 5570 2268 5626 Cod.
2296 5568 2350 5623 S.
2384 5568 2566 5624 Crucis
2590 5568 2643 5622 in
2672 5565 2783 5623 Jer.
2812 5568 2937 5637 legit
2962 5587 2973 5621 :
3005 5570 3094 5625 sed
3130 5578 3324 5628 tantum
3350 5567 3436 5621 die
3465 5582 3579 5625 ver-

2006 5638 2144 5709 bum,
2174 5649 2223 5709 et
2250 5639 2533 5695 sanabitur.
2568 5639 2612 5691 0
2641 5638 2791 5705 ﬁdes,
2819 5646 2924 5696 etc.
