  <div class='ocr_page' id='page_1' title='image "/cluster/home/n/w/nwhite01/storage/ocr_20150623/57/hvd.32044054758669/393.png"; bbox 0 0 4054 6194; ppageno 0'>
   <div class='ocr_carea' id='block_1_1' title="bbox 515 255 620 314">
    <p class='ocr_par' dir='ltr' id='par_1_1' title="bbox 515 255 620 314">
     <span class='ocr_line' id='line_1_1' title="bbox 515 255 620 314; baseline 0.01 -1"><span class='ocrx_word' id='word_1_1' title='bbox 515 255 620 314; x_wconf 72' lang='lat'><strong>755</strong></span> 
     </span>
    </p>
   </div>
   <div class='ocr_carea' id='block_1_2' title="bbox 1570 246 2739 310">
    <p class='ocr_par' dir='ltr' id='par_1_2' title="bbox 1570 246 2739 310">
     <span class='ocr_line' id='line_1_2' title="bbox 1570 246 2739 310; baseline 0.006 -7"><span class='ocrx_word' id='word_1_2' title='bbox 1570 251 1607 302; x_wconf 81' lang='lat' dir='ltr'><strong>S</strong></span> <span class='ocrx_word' id='word_1_3' title='bbox 1667 249 1909 304; x_wconf 75' lang='lat' dir='ltr'><strong>MAXIMI</strong></span> <span class='ocrx_word' id='word_1_4' title='bbox 1947 246 2248 304; x_wconf 83' lang='lat' dir='ltr'><strong>EPISCOPI</strong></span> <span class='ocrx_word' id='word_1_5' title='bbox 2286 247 2739 310; x_wconf 77' lang='lat' dir='ltr'><strong>TAURINENSIS</strong></span> 
     </span>
    </p>
   </div>
   <div class='ocr_carea' id='block_1_3' title="bbox 3659 257 3750 319">
    <p class='ocr_par' dir='ltr' id='par_1_3' title="bbox 3659 257 3750 319">
     <span class='ocr_line' id='line_1_3' title="bbox 3659 257 3750 319; baseline 0.011 -1"><span class='ocrx_word' id='word_1_6' title='bbox 3659 257 3750 319; x_wconf 67' lang='lat'><strong>750</strong></span> 
     </span>
    </p>
   </div>
   <div class='ocr_carea' id='block_1_4' title="bbox 515 359 3751 439">
    <p class='ocr_par' dir='ltr' id='par_1_4' title="bbox 515 359 3751 439">
     <span class='ocr_line' id='line_1_4' title="bbox 515 359 3751 439; baseline 0.002 -18"><span class='ocrx_word' id='word_1_7' title='bbox 515 365 645 439; x_wconf 64' lang='lat' dir='ltr'><strong>quid</strong></span> <span class='ocrx_word' id='word_1_8' title='bbox 667 367 721 421; x_wconf 91' lang='lat' dir='ltr'><strong>in</strong></span> <span class='ocrx_word' id='word_1_9' title='bbox 749 365 869 421; x_wconf 85' lang='lat' dir='ltr'><strong>aliis</strong></span> <span class='ocrx_word' id='word_1_10' title='bbox 894 365 1058 436; x_wconf 80' lang='lat' dir='ltr'><strong>paulo</strong></span> <span class='ocrx_word' id='word_1_11' title='bbox 1083 371 1209 420; x_wconf 81' lang='lat' dir='ltr'><strong>ante</strong></span> <span class='ocrx_word' id='word_1_12' title='bbox 1236 362 1581 417; x_wconf 63' lang='grc' dir='ltr'><strong>ιαηὼιγῖιηυς.</strong></span> <span class='ocrx_word' id='word_1_13' title='bbox 1616 360 1749 414; x_wconf 79' lang='lat' dir='ltr'><strong>Nam</strong></span> <span class='ocrx_word' id='word_1_14' title='bbox 1775 360 1880 415; x_wconf 86' lang='lat' dir='ltr'><strong>hoc</strong></span> <span class='ocrx_word' id='word_1_15' title='bbox 1906 359 2088 412; x_wconf 88' lang='lat' dir='ltr'><strong>taber-</strong></span> <span class='ocrx_word' id='word_1_16' title='bbox 2120 364 2163 421; x_wconf 84' lang='grc' dir='ltr'><strong>Λ</strong></span> <span class='ocrx_word' id='word_1_17' title='bbox 2192 362 2546 417; x_wconf 84' lang='lat' dir='ltr'><strong>substantiam</strong></span> <span class='ocrx_word' id='word_1_18' title='bbox 2580 370 2635 419; x_wconf 86' lang='lat' dir='ltr'><strong>et</strong></span> <span class='ocrx_word' id='word_1_19' title='bbox 2673 363 2727 418; x_wconf 93' lang='lat' dir='ltr'><strong>in</strong></span> <span class='ocrx_word' id='word_1_20' title='bbox 2764 361 2921 432; x_wconf 86' lang='lat' dir='ltr'><strong>hujus</strong></span> <span class='ocrx_word' id='word_1_21' title='bbox 2963 363 3221 422; x_wconf 77' lang='lat' dir='ltr'><strong>facturam</strong></span> <span class='ocrx_word' id='word_1_22' title='bbox 3268 367 3450 437; x_wconf 80' lang='lat' dir='ltr'><strong>operis</strong></span> <span class='ocrx_word' id='word_1_23' title='bbox 3494 371 3751 439; x_wconf 83' lang='lat' dir='ltr'><strong>expende-</strong></span> 
     </span>
    </p>
   </div>
   <div class='ocr_carea' id='block_1_5' title="bbox 516 455 2091 526">
    <p class='ocr_par' dir='ltr' id='par_1_5' title="bbox 516 455 2091 526">
     <span class='ocr_line' id='line_1_5' title="bbox 516 455 2091 526; baseline -0.006 -12"><span class='ocrx_word' id='word_1_24' title='bbox 516 459 784 523; x_wconf 83' lang='lat' dir='ltr'><strong>naeulum,</strong></span> <span class='ocrx_word' id='word_1_25' title='bbox 815 457 917 512; x_wconf 89' lang='lat' dir='ltr'><strong>etsi</strong></span> <span class='ocrx_word' id='word_1_26' title='bbox 954 455 1166 526; x_wconf 80' lang='lat' dir='ltr'><strong>plurimi</strong></span> <span class='ocrx_word' id='word_1_27' title='bbox 1189 462 1621 521; x_wconf 62' lang='lat' dir='ltr'><strong>construxerunt,</strong></span> <span class='ocrx_word' id='word_1_28' title='bbox 1656 455 1709 507; x_wconf 85' lang='lat' dir='ltr'><strong>ni</strong></span> <span class='ocrx_word' id='word_1_29' title='bbox 1736 466 1918 507; x_wconf 81' lang='lat' dir='ltr'><strong>tamen</strong></span> <span class='ocrx_word' id='word_1_30' title='bbox 1944 464 2091 505; x_wconf 89' lang='lat' dir='ltr'><strong>sum-</strong></span> 
     </span>
    </p>
   </div>
   <div class='ocr_carea' id='block_1_6' title="bbox 516 542 2083 621">
    <p class='ocr_par' dir='ltr' id='par_1_6' title="bbox 516 542 2083 621">
     <span class='ocr_line' id='line_1_6' title="bbox 516 542 2083 621; baseline -0.006 -17"><span class='ocrx_word' id='word_1_31' title='bbox 516 558 611 621; x_wconf 80' lang='lat' dir='ltr'><strong>ptu</strong></span> <span class='ocrx_word' id='word_1_32' title='bbox 635 547 842 619; x_wconf 82' lang='lat' dir='ltr'><strong>operati</strong></span> <span class='ocrx_word' id='word_1_33' title='bbox 865 553 991 602; x_wconf 89' lang='lat' dir='ltr'><strong>sunt</strong></span> <span class='ocrx_word' id='word_1_34' title='bbox 1009 560 1120 601; x_wconf 82' lang='lat' dir='ltr'><strong>uno</strong></span> <span class='ocrx_word' id='word_1_35' title='bbox 1144 559 1383 600; x_wconf 79' lang='lat' dir='ltr'><strong>assensu.</strong></span> <span class='ocrx_word' id='word_1_36' title='bbox 1403 542 1473 596; x_wconf 83' lang='lat' dir='ltr'><strong>Et</strong></span> <span class='ocrx_word' id='word_1_37' title='bbox 1491 558 1602 611; x_wconf 92' lang='lat' dir='ltr'><strong>quo</strong></span> <span class='ocrx_word' id='word_1_38' title='bbox 1619 543 1834 597; x_wconf 88' lang='lat' dir='ltr'><strong>tandem</strong></span> <span class='ocrx_word' id='word_1_39' title='bbox 1855 548 2083 610; x_wconf 79' lang='lat' dir='ltr'><strong>sumptu,</strong></span> 
     </span>
    </p>
   </div>
   <div class='ocr_carea' id='block_1_7' title="bbox 517 631 2091 695">
    <p class='ocr_par' dir='ltr' id='par_1_7' title="bbox 517 631 2091 695">
     <span class='ocr_line' id='line_1_7' title="bbox 517 631 2091 695; baseline -0.006 0"><span class='ocrx_word' id='word_1_40' title='bbox 517 655 641 695; x_wconf 85' lang='lat' dir='ltr'><strong>eum</strong></span> <span class='ocrx_word' id='word_1_41' title='bbox 666 638 774 692; x_wconf 91' lang='lat' dir='ltr'><strong>sint</strong></span> <span class='ocrx_word' id='word_1_42' title='bbox 799 637 857 691; x_wconf 87' lang='lat' dir='ltr'><strong>in</strong></span> <span class='ocrx_word' id='word_1_43' title='bbox 880 635 1075 691; x_wconf 68' lang='lat' dir='ltr'><strong>saeculo</strong></span> <span class='ocrx_word' id='word_1_44' title='bbox 1103 634 1403 689; x_wconf 87' lang='lat' dir='ltr'><strong>mediocres</strong></span> <span class='ocrx_word' id='word_1_45' title='bbox 1429 642 1484 686; x_wconf 91' lang='lat' dir='ltr'><strong>et</strong></span> <span class='ocrx_word' id='word_1_46' title='bbox 1512 634 1734 687; x_wconf 84' lang='lat' dir='ltr'><strong>tenues?</strong></span> <span class='ocrx_word' id='word_1_47' title='bbox 1761 632 1858 687; x_wconf 89' lang='lat' dir='ltr'><strong>Illo</strong></span> <span class='ocrx_word' id='word_1_48' title='bbox 1886 631 2091 687; x_wconf 75' lang='lat' dir='ltr'><strong>scilicet</strong></span> 
     </span>
    </p>
   </div>
   <div class='ocr_carea' id='block_1_8' title="bbox 518 708 2089 795">
    <p class='ocr_par' dir='ltr' id='par_1_8' title="bbox 518 708 2089 795">
     <span class='ocr_line' id='line_1_8' title="bbox 518 708 2089 795; baseline -0.007 -11"><span class='ocrx_word' id='word_1_49' title='bbox 518 729 597 793; x_wconf 61' lang='lat' dir='ltr'><strong>de,</strong></span> <span class='ocrx_word' id='word_1_50' title='bbox 611 743 718 795; x_wconf 89' lang='lat' dir='ltr'><strong>quo</strong></span> <span class='ocrx_word' id='word_1_51' title='bbox 743 708 819 781; x_wconf 78' lang='lat' dir='ltr'><strong>ait</strong></span> <span class='ocrx_word' id='word_1_52' title='bbox 845 724 1153 795; x_wconf 77' lang='lat' dir='ltr'><strong>Apostolus,</strong></span> <span class='ocrx_word' id='word_1_53' title='bbox 1184 724 1501 778; x_wconf 69' lang='lat' dir='ltr'><strong>abundantia</strong></span> <span class='ocrx_word' id='word_1_54' title='bbox 1530 722 1651 793; x_wconf 82' lang='lat' dir='ltr'><strong>ﬁdei</strong></span> <span class='ocrx_word' id='word_1_55' title='bbox 1677 732 1727 776; x_wconf 85' lang='lat' dir='ltr'><strong>et</strong></span> <span class='ocrx_word' id='word_1_56' title='bbox 1756 722 1944 775; x_wconf 65' lang='lat' dir='ltr'><strong>divitiis</strong></span> <span class='ocrx_word' id='word_1_57' title='bbox 1964 723 2089 774; x_wconf 84' lang='lat' dir='ltr'><strong>sim-</strong></span> 
     </span>
    </p>
   </div>
   <div class='ocr_carea' id='block_1_9' title="bbox 519 811 2094 888">
    <p class='ocr_par' dir='ltr' id='par_1_9' title="bbox 519 811 2094 888">
     <span class='ocr_line' id='line_1_9' title="bbox 519 811 2094 888; baseline -0.006 -17"><span class='ocrx_word' id='word_1_58' title='bbox 519 817 764 888; x_wconf 74' lang='lat' dir='ltr'><strong>plicitatis</strong></span> <span class='ocrx_word' id='word_1_59' title='bbox 794 814 883 886; x_wconf 85' lang='grc'><strong>(11</strong></span> <span class='ocrx_word' id='word_1_60' title='bbox 911 813 1033 869; x_wconf 87' lang='lat' dir='ltr'><strong>Cor.</strong></span> <span class='ocrx_word' id='word_1_61' title='bbox 1058 814 1192 885; x_wconf 85' lang='lat' dir='ltr'><strong>vm).</strong></span> <span class='ocrx_word' id='word_1_62' title='bbox 1220 813 1315 868; x_wconf 79' lang='lat' dir='ltr'><strong>Est</strong></span> <span class='ocrx_word' id='word_1_63' title='bbox 1339 814 1482 868; x_wconf 87' lang='lat' dir='ltr'><strong>enim</strong></span> <span class='ocrx_word' id='word_1_64' title='bbox 1511 812 1714 867; x_wconf 80' lang='lat' dir='ltr'><strong>sanctis</strong></span> <span class='ocrx_word' id='word_1_65' title='bbox 1738 811 1865 866; x_wconf 87' lang='lat' dir='ltr'><strong>viris</strong></span> <span class='ocrx_word' id='word_1_66' title='bbox 1882 823 2094 879; x_wconf 71' lang='lat' dir='ltr'><strong>semper</strong></span> 
     </span>
    </p>
   </div>
   <div class='ocr_carea' id='block_1_10' title="bbox 520 898 2094 973">
    <p class='ocr_par' dir='ltr' id='par_1_10' title="bbox 520 898 2094 973">
     <span class='ocr_line' id='line_1_10' title="bbox 520 898 2094 973; baseline -0.005 -13"><span class='ocrx_word' id='word_1_67' title='bbox 520 905 667 960; x_wconf 80' lang='lat' dir='ltr'><strong>dives</strong></span> <span class='ocrx_word' id='word_1_68' title='bbox 695 904 807 973; x_wconf 89' lang='lat' dir='ltr'><strong>ipsa</strong></span> <span class='ocrx_word' id='word_1_69' title='bbox 837 911 1144 973; x_wconf 84' lang='lat' dir='ltr'><strong>paupertas.</strong></span> <span class='ocrx_word' id='word_1_70' title='bbox 1191 901 1342 956; x_wconf 84' lang='lat' dir='ltr'><strong>Unde</strong></span> <span class='ocrx_word' id='word_1_71' title='bbox 1380 901 1541 955; x_wconf 88' lang='lat' dir='ltr'><strong>credo</strong></span> <span class='ocrx_word' id='word_1_72' title='bbox 1589 902 1687 955; x_wconf 90' lang='lat' dir='ltr'><strong>hos</strong></span> <span class='ocrx_word' id='word_1_73' title='bbox 1729 900 1918 954; x_wconf 87' lang='lat' dir='ltr'><strong>beatos</strong></span> <span class='ocrx_word' id='word_1_74' title='bbox 1955 898 2094 952; x_wconf 79' lang='lat' dir='ltr'><strong>hanc</strong></span> 
     </span>
    </p>
   </div>
   <div class='ocr_carea' id='block_1_11' title="bbox 521 986 2096 1060">
    <p class='ocr_par' dir='ltr' id='par_1_11' title="bbox 521 986 2096 1060">
     <span class='ocr_line' id='line_1_11' title="bbox 521 986 2096 1060; baseline -0.006 -10"><span class='ocrx_word' id='word_1_75' title='bbox 521 996 802 1050; x_wconf 78' lang='lat' dir='ltr'><strong>ecclesiam</strong></span> <span class='ocrx_word' id='word_1_76' title='bbox 849 1009 957 1049; x_wconf 91' lang='lat' dir='ltr'><strong>non</strong></span> <span class='ocrx_word' id='word_1_77' title='bbox 1005 994 1183 1048; x_wconf 87' lang='lat' dir='ltr'><strong>minus</strong></span> <span class='ocrx_word' id='word_1_78' title='bbox 1227 991 1561 1047; x_wconf 79' lang='lat' dir='ltr'><strong>orationibus</strong></span> <span class='ocrx_word' id='word_1_79' title='bbox 1606 1005 1765 1060; x_wconf 90' lang='lat' dir='ltr'><strong>quam</strong></span> <span class='ocrx_word' id='word_1_80' title='bbox 1816 986 2096 1058; x_wconf 88' lang='lat' dir='ltr'><strong>impendiis</strong></span> 
     </span>
    </p>
   </div>
   <div class='ocr_carea' id='block_1_12' title="bbox 523 1079 2095 1152">
    <p class='ocr_par' dir='ltr' id='par_1_12' title="bbox 523 1079 2095 1152">
     <span class='ocr_line' id='line_1_12' title="bbox 523 1079 2095 1152; baseline -0.003 -15"><span class='ocrx_word' id='word_1_81' title='bbox 523 1083 845 1150; x_wconf 73' lang='lat' dir='ltr'><strong>fabricasse;</strong></span> <span class='ocrx_word' id='word_1_82' title='bbox 874 1084 952 1139; x_wconf 90' lang='lat' dir='ltr'><strong>sic</strong></span> <span class='ocrx_word' id='word_1_83' title='bbox 977 1083 1119 1137; x_wconf 89' lang='lat' dir='ltr'><strong>enim</strong></span> <span class='ocrx_word' id='word_1_84' title='bbox 1146 1082 1429 1152; x_wconf 82' lang='lat' dir='ltr'><strong>oportebat</strong></span> <span class='ocrx_word' id='word_1_85' title='bbox 1457 1090 1516 1136; x_wconf 92' lang='lat' dir='ltr'><strong>ut</strong></span> <span class='ocrx_word' id='word_1_86' title='bbox 1540 1097 1674 1151; x_wconf 89' lang='lat' dir='ltr'><strong>opus</strong></span> <span class='ocrx_word' id='word_1_87' title='bbox 1697 1080 1895 1135; x_wconf 84' lang='lat' dir='ltr'><strong>Christi</strong></span> <span class='ocrx_word' id='word_1_88' title='bbox 1923 1079 2095 1149; x_wconf 82' lang='lat' dir='ltr'><strong>preci-</strong></span> 
     </span>
    </p>
   </div>
   <div class='ocr_carea' id='block_1_13' title="bbox 524 1168 2100 1242">
    <p class='ocr_par' dir='ltr' id='par_1_13' title="bbox 524 1168 2100 1242">
     <span class='ocr_line' id='line_1_13' title="bbox 524 1168 2100 1242; baseline -0.004 -14"><span class='ocrx_word' id='word_1_89' title='bbox 524 1174 621 1229; x_wconf 83' lang='lat' dir='ltr'><strong>bus</strong></span> <span class='ocrx_word' id='word_1_90' title='bbox 668 1173 839 1242; x_wconf 82' lang='lat' dir='ltr'><strong>magis</strong></span> <span class='ocrx_word' id='word_1_91' title='bbox 883 1180 1152 1228; x_wconf 84' lang='lat' dir='ltr'><strong>cresceret</strong></span> <span class='ocrx_word' id='word_1_92' title='bbox 1195 1186 1357 1241; x_wconf 86' lang='lat' dir='ltr'><strong>quam</strong></span> <span class='ocrx_word' id='word_1_93' title='bbox 1405 1171 1696 1226; x_wconf 69' lang='lat' dir='ltr'><strong>caementis.</strong></span> <span class='ocrx_word' id='word_1_94' title='bbox 1739 1169 1930 1224; x_wconf 88' lang='lat' dir='ltr'><strong>Totam</strong></span> <span class='ocrx_word' id='word_1_95' title='bbox 1958 1168 2100 1223; x_wconf 90' lang='lat' dir='ltr'><strong>enim</strong></span> 
     </span>
    </p>
   </div>
   <div class='ocr_carea' id='block_1_14' title="bbox 2192 452 3755 527">
    <p class='ocr_par' dir='ltr' id='par_1_14' title="bbox 2192 452 3755 527">
     <span class='ocr_line' id='line_1_14' title="bbox 2192 452 3755 527; baseline 0.006 -20"><span class='ocrx_word' id='word_1_96' title='bbox 2192 460 2338 521; x_wconf 88' lang='lat' dir='ltr'><strong>runt,</strong></span> <span class='ocrx_word' id='word_1_97' title='bbox 2369 461 2425 507; x_wconf 90' lang='lat' dir='ltr'><strong>et</strong></span> <span class='ocrx_word' id='word_1_98' title='bbox 2452 452 2580 522; x_wconf 87' lang='lat' dir='ltr'><strong>ipsis</strong></span> <span class='ocrx_word' id='word_1_99' title='bbox 2605 460 2754 508; x_wconf 88' lang='lat' dir='ltr'><strong>certe</strong></span> <span class='ocrx_word' id='word_1_100' title='bbox 2780 453 2910 507; x_wconf 85' lang='lat' dir='ltr'><strong>nihil</strong></span> <span class='ocrx_word' id='word_1_101' title='bbox 2949 454 3118 509; x_wconf 88' lang='lat' dir='ltr'><strong>deest.</strong></span> <span class='ocrx_word' id='word_1_102' title='bbox 3149 455 3266 525; x_wconf 88' lang='lat' dir='ltr'><strong>Ipsa</strong></span> <span class='ocrx_word' id='word_1_103' title='bbox 3296 457 3458 527; x_wconf 88' lang='lat' dir='ltr'><strong>plane</strong></span> <span class='ocrx_word' id='word_1_104' title='bbox 3499 466 3601 522; x_wconf 87' lang='lat' dir='ltr'><strong>est,</strong></span> <span class='ocrx_word' id='word_1_105' title='bbox 3632 460 3755 516; x_wconf 87' lang='lat' dir='ltr'><strong>sicut</strong></span> 
     </span>
    </p>
   </div>
   <div class='ocr_carea' id='block_1_15' title="bbox 2193 540 3757 616">
    <p class='ocr_par' dir='ltr' id='par_1_15' title="bbox 2193 540 3757 616">
     <span class='ocr_line' id='line_1_15' title="bbox 2193 540 3757 616; baseline 0.005 -21"><span class='ocrx_word' id='word_1_106' title='bbox 2193 540 2445 606; x_wconf 76' lang='lat' dir='ltr'><strong>diximus,</strong></span> <span class='ocrx_word' id='word_1_107' title='bbox 2477 540 2625 595; x_wconf 87' lang='lat' dir='ltr'><strong>dives</strong></span> <span class='ocrx_word' id='word_1_108' title='bbox 2649 540 2994 610; x_wconf 84' lang='lat' dir='ltr'><strong>loeuplesque</strong></span> <span class='ocrx_word' id='word_1_109' title='bbox 3034 552 3342 612; x_wconf 82' lang='lat' dir='ltr'><strong>paupertas,</strong></span> <span class='ocrx_word' id='word_1_110' title='bbox 3375 559 3496 613; x_wconf 75' lang='lat' dir='ltr'><strong>qua:</strong></span> <span class='ocrx_word' id='word_1_111' title='bbox 3520 547 3757 616; x_wconf 78' lang='lat' dir='ltr'><strong>expendit</strong></span> 
     </span>
    </p>
   </div>
   <div class='ocr_carea' id='block_1_16' title="bbox 2193 630 3754 701">
    <p class='ocr_par' dir='ltr' id='par_1_16' title="bbox 2193 630 3754 701">
     <span class='ocr_line' id='line_1_16' title="bbox 2193 630 3754 701; baseline 0.003 -14"><span class='ocrx_word' id='word_1_112' title='bbox 2193 631 2375 687; x_wconf 87' lang='lat' dir='ltr'><strong>omnia</strong></span> <span class='ocrx_word' id='word_1_113' title='bbox 2405 639 2460 685; x_wconf 87' lang='lat' dir='ltr'><strong>et</strong></span> <span class='ocrx_word' id='word_1_114' title='bbox 2487 630 2728 701; x_wconf 87' lang='lat' dir='ltr'><strong>possidet</strong></span> <span class='ocrx_word' id='word_1_115' title='bbox 2754 632 2952 686; x_wconf 88' lang='lat' dir='ltr'><strong>omnia.</strong></span> <span class='ocrx_word' id='word_1_116' title='bbox 2998 630 3105 687; x_wconf 89' lang='lat' dir='ltr'><strong>Sed</strong></span> <span class='ocrx_word' id='word_1_117' title='bbox 3142 634 3254 688; x_wconf 72' lang='lat' dir='ltr'><strong>haec</strong></span> <span class='ocrx_word' id='word_1_118' title='bbox 3288 649 3316 687; x_wconf 89' lang='lat' dir='ltr'><strong>a</strong></span> <span class='ocrx_word' id='word_1_119' title='bbox 3354 634 3466 689; x_wconf 90' lang='lat' dir='ltr'><strong>Deo</strong></span> <span class='ocrx_word' id='word_1_120' title='bbox 3489 635 3754 692; x_wconf 85' lang='lat' dir='ltr'><strong>benedicta</strong></span> 
     </span>
    </p>
   </div>
   <div class='ocr_carea' id='block_1_17' title="bbox 2195 721 3757 792">
    <p class='ocr_par' dir='ltr' id='par_1_17' title="bbox 2195 721 3757 792">
     <span class='ocr_line' id='line_1_17' title="bbox 2195 721 3757 792; baseline 0.003 -17"><span class='ocrx_word' id='word_1_121' title='bbox 2195 729 2297 787; x_wconf 87' lang='lat' dir='ltr'><strong>est,</strong></span> <span class='ocrx_word' id='word_1_122' title='bbox 2323 722 2462 777; x_wconf 89' lang='lat' dir='ltr'><strong>sicut</strong></span> <span class='ocrx_word' id='word_1_123' title='bbox 2488 722 2577 775; x_wconf 80' lang='lat' dir='ltr'><strong>iHa</strong></span> <span class='ocrx_word' id='word_1_124' title='bbox 2602 721 2762 776; x_wconf 88' lang='lat' dir='ltr'><strong>vidua</strong></span> <span class='ocrx_word' id='word_1_125' title='bbox 2790 721 2856 776; x_wconf 87' lang='lat' dir='ltr'><strong>de</strong></span> <span class='ocrx_word' id='word_1_126' title='bbox 2885 737 2990 792; x_wconf 86' lang='lat' dir='ltr'><strong>qua</strong></span> <span class='ocrx_word' id='word_1_127' title='bbox 3020 722 3148 777; x_wconf 88' lang='lat' dir='ltr'><strong>dicit</strong></span> <span class='ocrx_word' id='word_1_128' title='bbox 3198 723 3452 780; x_wconf 81' lang='lat' dir='ltr'><strong>Dominus</strong></span> <span class='ocrx_word' id='word_1_129' title='bbox 3498 725 3552 779; x_wconf 93' lang='lat' dir='ltr'><strong>in</strong></span> <span class='ocrx_word' id='word_1_130' title='bbox 3594 724 3757 780; x_wconf 81' lang='lat' dir='ltr'><strong>Evan-</strong></span> 
     </span>
    </p>
   </div>
   <div class='ocr_carea' id='block_1_18' title="bbox 2196 811 3761 886">
    <p class='ocr_par' dir='ltr' id='par_1_18' title="bbox 2196 811 3761 886">
     <span class='ocr_line' id='line_1_18' title="bbox 2196 811 3761 886; baseline 0.003 -20"><span class='ocrx_word' id='word_1_131' title='bbox 2196 813 2342 881; x_wconf 85' lang='lat' dir='ltr'><strong>gelio</strong></span> <span class='ocrx_word' id='word_1_132' title='bbox 2357 813 2547 883; x_wconf 79' lang='lat' dir='ltr'><strong>(Marc.</strong></span> <span class='ocrx_word' id='word_1_133' title='bbox 2576 811 2671 882; x_wconf 85' lang='lat' dir='ltr'><strong>xu)</strong></span> <span class='ocrx_word' id='word_1_134' title='bbox 2698 830 2711 865; x_wconf 87' lang='lat'><strong>:</strong></span> <span class='ocrx_word' id='word_1_135' title='bbox 2734 811 2923 867; x_wconf 78' lang='lat' dir='ltr'><strong>Mulier</strong></span> <span class='ocrx_word' id='word_1_136' title='bbox 2941 813 3055 867; x_wconf 59' lang='lat' dir='ltr'><strong>hate</strong></span> <span class='ocrx_word' id='word_1_137' title='bbox 3072 813 3232 867; x_wconf 87' lang='lat' dir='ltr'><strong>vidua</strong></span> <span class='ocrx_word' id='word_1_138' title='bbox 3255 830 3463 884; x_wconf 88' lang='lat' dir='ltr'><strong>pauper</strong></span> <span class='ocrx_word' id='word_1_139' title='bbox 3475 815 3595 885; x_wconf 87' lang='lat' dir='ltr'><strong>plus</strong></span> <span class='ocrx_word' id='word_1_140' title='bbox 3613 832 3761 886; x_wconf 82' lang='lat' dir='ltr'><strong>quam</strong></span> 
     </span>
    </p>
   </div>
   <div class='ocr_carea' id='block_1_19' title="bbox 2200 900 3759 975">
    <p class='ocr_par' dir='ltr' id='par_1_19' title="bbox 2200 900 3759 975">
     <span class='ocr_line' id='line_1_19' title="bbox 2200 900 3759 975; baseline 0.002 -20"><span class='ocrx_word' id='word_1_141' title='bbox 2200 915 2389 955; x_wconf 77' lang='lat' dir='ltr'><strong>manes</strong></span> <span class='ocrx_word' id='word_1_142' title='bbox 2408 900 2580 965; x_wconf 85' lang='lat' dir='ltr'><strong>misit;</strong></span> <span class='ocrx_word' id='word_1_143' title='bbox 2617 915 2737 954; x_wconf 87' lang='lat' dir='ltr'><strong>nam</strong></span> <span class='ocrx_word' id='word_1_144' title='bbox 2765 915 2952 975; x_wconf 70' lang='lat' dir='ltr'><strong>omnes</strong></span> <span class='ocrx_word' id='word_1_145' title='bbox 2981 901 3035 955; x_wconf 90' lang='lat' dir='ltr'><strong>hi</strong></span> <span class='ocrx_word' id='word_1_146' title='bbox 3063 915 3131 955; x_wconf 85' lang='lat' dir='ltr'><strong>ex</strong></span> <span class='ocrx_word' id='word_1_147' title='bbox 3163 902 3451 957; x_wconf 88' lang='lat' dir='ltr'><strong>abundanti</strong></span> <span class='ocrx_word' id='word_1_148' title='bbox 3481 903 3583 957; x_wconf 85' lang='lat' dir='ltr'><strong>sibi</strong></span> <span class='ocrx_word' id='word_1_149' title='bbox 3602 904 3759 959; x_wconf 80' lang='lat' dir='ltr'><strong>mise-</strong></span> 
     </span>
    </p>
   </div>
   <div class='ocr_carea' id='block_1_20' title="bbox 2199 990 3762 1054">
    <p class='ocr_par' dir='ltr' id='par_1_20' title="bbox 2199 990 3762 1054">
     <span class='ocr_line' id='line_1_20' title="bbox 2199 990 3762 1054; baseline 0.003 -9"><span class='ocrx_word' id='word_1_150' title='bbox 2199 998 2325 1046; x_wconf 88' lang='lat' dir='ltr'><strong>runt</strong></span> <span class='ocrx_word' id='word_1_151' title='bbox 2350 991 2403 1045; x_wconf 89' lang='lat' dir='ltr'><strong>in</strong></span> <span class='ocrx_word' id='word_1_152' title='bbox 2429 1005 2648 1045; x_wconf 89' lang='lat' dir='ltr'><strong>munera</strong></span> <span class='ocrx_word' id='word_1_153' title='bbox 2676 990 2791 1054; x_wconf 88' lang='lat' dir='ltr'><strong>Dei,</strong></span> <span class='ocrx_word' id='word_1_154' title='bbox 2835 990 2949 1046; x_wconf 65' lang='lat' dir='ltr'><strong>hac</strong></span> <span class='ocrx_word' id='word_1_155' title='bbox 2988 1000 3169 1046; x_wconf 85' lang='lat' dir='ltr'><strong>autem</strong></span> <span class='ocrx_word' id='word_1_156' title='bbox 3198 998 3368 1047; x_wconf 90' lang='lat' dir='ltr'><strong>totum</strong></span> <span class='ocrx_word' id='word_1_157' title='bbox 3397 993 3595 1048; x_wconf 83' lang='lat' dir='ltr'><strong>victum</strong></span> <span class='ocrx_word' id='word_1_158' title='bbox 3622 1008 3762 1050; x_wconf 80' lang='lat' dir='ltr'><strong>suum</strong></span> 
     </span>
    </p>
   </div>
   <div class='ocr_carea' id='block_1_21' title="bbox 2201 1080 2762 1150">
    <p class='ocr_par' dir='ltr' id='par_1_21' title="bbox 2201 1080 2762 1150">
     <span class='ocr_line' id='line_1_21' title="bbox 2201 1080 2762 1150; baseline 0.002 -16"><span class='ocrx_word' id='word_1_159' title='bbox 2201 1095 2362 1150; x_wconf 86' lang='lat' dir='ltr'><strong>quem</strong></span> <span class='ocrx_word' id='word_1_160' title='bbox 2388 1081 2573 1136; x_wconf 87' lang='lat' dir='ltr'><strong>habuit</strong></span> <span class='ocrx_word' id='word_1_161' title='bbox 2598 1080 2762 1138; x_wconf 88' lang='lat' dir='ltr'><strong>misit.</strong></span> 
     </span>
    </p>
   </div>
   <div class='ocr_carea' id='block_1_22' title="bbox 1884 1277 2409 1340">
    <p class='ocr_par' dir='ltr' id='par_1_22' title="bbox 1884 1277 2409 1340">
     <span class='ocr_line' id='line_1_22' title="bbox 1884 1277 2409 1340; baseline -0.008 0"><span class='ocrx_word' id='word_1_162' title='bbox 1884 1277 2151 1340; x_wconf 79' lang='lat' dir='ltr'><strong>SERMO</strong></span> <span class='ocrx_word' id='word_1_163' title='bbox 2193 1277 2409 1340; x_wconf 82' lang='lat' dir='ltr'><strong>CXIII.</strong></span> 
     </span>
    </p>
   </div>
   <div class='ocr_carea' id='block_1_23' title="bbox 788 1396 3497 1477">
    <p class='ocr_par' dir='ltr' id='par_1_23' title="bbox 788 1396 3497 1477">
     <span class='ocr_line' id='line_1_23' title="bbox 788 1396 3497 1477; baseline 0.001 -19"><span class='ocrx_word' id='word_1_164' title='bbox 788 1403 864 1458; x_wconf 86' lang='lat' dir='ltr'><strong>De</strong></span> <span class='ocrx_word' id='word_1_165' title='bbox 890 1419 950 1459; x_wconf 86' lang='lat' dir='ltr'><strong>eo</strong></span> <span class='ocrx_word' id='word_1_166' title='bbox 973 1403 1108 1474; x_wconf 85' lang='lat' dir='ltr'><strong>quod</strong></span> <span class='ocrx_word' id='word_1_167' title='bbox 1131 1403 1375 1473; x_wconf 86' lang='lat' dir='ltr'><strong>scriptum</strong></span> <span class='ocrx_word' id='word_1_168' title='bbox 1403 1410 1517 1458; x_wconf 88' lang='lat' dir='ltr'><strong>est:</strong></span> <span class='ocrx_word' id='word_1_169' title='bbox 1553 1401 1731 1456; x_wconf 81' lang='lat' dir='ltr'><strong>Venite</strong></span> <span class='ocrx_word' id='word_1_170' title='bbox 1752 1402 1819 1455; x_wconf 87' lang='lat' dir='ltr'><strong>ad</strong></span> <span class='ocrx_word' id='word_1_171' title='bbox 1847 1417 1946 1466; x_wconf 82' lang='lat' dir='ltr'><strong>me,</strong></span> <span class='ocrx_word' id='word_1_172' title='bbox 1978 1414 2151 1454; x_wconf 84' lang='lat' dir='ltr'><strong>omnes</strong></span> <span class='ocrx_word' id='word_1_173' title='bbox 2181 1397 2267 1467; x_wconf 60' lang='lat' dir='ltr'><strong>qui</strong></span> <span class='ocrx_word' id='word_1_174' title='bbox 2295 1396 2541 1451; x_wconf 80' lang='lat' dir='ltr'><strong>laboratis</strong></span> <span class='ocrx_word' id='word_1_175' title='bbox 2569 1406 2619 1451; x_wconf 84' lang='lat' dir='ltr'><strong>et</strong></span> <span class='ocrx_word' id='word_1_176' title='bbox 2648 1399 2849 1453; x_wconf 84' lang='lat' dir='ltr'><strong>onerati</strong></span> <span class='ocrx_word' id='word_1_177' title='bbox 2873 1402 3016 1455; x_wconf 83' lang='lat' dir='ltr'><strong>estis.</strong></span> <span class='ocrx_word' id='word_1_178' title='bbox 3049 1401 3238 1458; x_wconf 73' lang='lat' dir='ltr'><strong>Hatth.</strong></span> <span class='ocrx_word' id='word_1_179' title='bbox 3268 1419 3380 1477; x_wconf 79' lang='lat' dir='ltr'><strong>cap.</strong></span> <span class='ocrx_word' id='word_1_180' title='bbox 3416 1419 3497 1461; x_wconf 75' lang='grc' dir='ltr'><strong>ιι.</strong></span> 
     </span>
    </p>
   </div>
   <div class='ocr_carea' id='block_1_24' title="bbox 1948 1510 2337 1566">
    <p class='ocr_par' dir='ltr' id='par_1_24' title="bbox 1948 1510 2337 1566">
     <span class='ocr_line' id='line_1_24' title="bbox 1948 1510 2337 1566; baseline -0.008 0"><span class='ocrx_word' id='word_1_181' title='bbox 1948 1510 2337 1566; x_wconf 67' lang='grc' dir='ltr'><strong>ΑΒΜΟΝΙΤΙΟ.</strong></span> 
     </span>
    </p>
   </div>
   <div class='ocr_carea' id='block_1_25' title="bbox 596 1605 3773 1680">
    <p class='ocr_par' dir='ltr' id='par_1_25' title="bbox 596 1605 3773 1680">
     <span class='ocr_line' id='line_1_25' title="bbox 596 1605 3773 1680; baseline 0.001 -16"><span class='ocrx_word' id='word_1_182' title='bbox 596 1610 673 1665; x_wconf 79' lang='lat' dir='ltr'><strong>Ex</strong></span> <span class='ocrx_word' id='word_1_183' title='bbox 706 1609 992 1666; x_wconf 82' lang='lat' dir='ltr'><strong>Anecdotis</strong></span> <span class='ocrx_word' id='word_1_184' title='bbox 1020 1610 1297 1667; x_wconf 83' lang='lat' dir='ltr'><strong>Muratorii</strong></span> <span class='ocrx_word' id='word_1_185' title='bbox 1329 1619 1458 1666; x_wconf 92' lang='lat' dir='ltr'><strong>tom.</strong></span> <span class='ocrx_word' id='word_1_186' title='bbox 1489 1610 1580 1675; x_wconf 82' lang='lat' dir='ltr'><strong>IV,</strong></span> <span class='ocrx_word' id='word_1_187' title='bbox 1610 1623 1733 1680; x_wconf 83' lang='lat' dir='ltr'><strong>pag.</strong></span> <span class='ocrx_word' id='word_1_188' title='bbox 1769 1606 1891 1680; x_wconf 67' lang='grc'>109,</span> <span class='ocrx_word' id='word_1_189' title='bbox 1922 1607 2066 1660; x_wconf 86' lang='lat' dir='ltr'><strong>hunc</strong></span> <span class='ocrx_word' id='word_1_190' title='bbox 2092 1616 2393 1680; x_wconf 68' lang='lat' dir='ltr'><strong>sermonem</strong></span> <span class='ocrx_word' id='word_1_191' title='bbox 2433 1605 2700 1672; x_wconf 86' lang='lat' dir='ltr'><strong>mutilum,</strong></span> <span class='ocrx_word' id='word_1_192' title='bbox 2730 1615 2790 1661; x_wconf 91' lang='lat' dir='ltr'><strong>ut</strong></span> <span class='ocrx_word' id='word_1_193' title='bbox 2811 1605 2956 1675; x_wconf 83' lang='lat' dir='ltr'><strong>jacet</strong></span> <span class='ocrx_word' id='word_1_194' title='bbox 2978 1607 3034 1663; x_wconf 91' lang='lat' dir='ltr'><strong>in</strong></span> <span class='ocrx_word' id='word_1_195' title='bbox 3061 1607 3246 1666; x_wconf 85' lang='lat' dir='ltr'><strong>codice</strong></span> <span class='ocrx_word' id='word_1_196' title='bbox 3273 1611 3628 1670; x_wconf 71' lang='lat' dir='ltr'><strong>Ambrosiam</strong></span> <span class='ocrx_word' id='word_1_197' title='bbox 3647 1611 3662 1666; x_wconf 89' lang='lat' dir='ltr'><strong>l</strong></span> <span class='ocrx_word' id='word_1_198' title='bbox 3683 1626 3773 1667; x_wconf 82' lang='lat' dir='ltr'><strong>au-</strong></span> 
     </span>
    </p>
   </div>
   <div class='ocr_carea' id='block_1_26' title="bbox 529 1671 2550 1750">
    <p class='ocr_par' dir='ltr' id='par_1_26' title="bbox 529 1671 2550 1750">
     <span class='ocr_line' id='line_1_26' title="bbox 529 1671 2550 1750; baseline -0.002 -15"><span class='ocrx_word' id='word_1_199' title='bbox 529 1681 711 1745; x_wconf 88' lang='lat' dir='ltr'><strong>simus,</strong></span> <span class='ocrx_word' id='word_1_200' title='bbox 740 1680 1095 1750; x_wconf 77' lang='lat' dir='ltr'><strong>fragmentum</strong></span> <span class='ocrx_word' id='word_1_201' title='bbox 1114 1695 1329 1750; x_wconf 91' lang='lat' dir='ltr'><strong>quoque</strong></span> <span class='ocrx_word' id='word_1_202' title='bbox 1353 1671 1975 1737; x_wconf 70' lang='lat' dir='ltr'><strong>eumdem&#39;Muratorium</strong></span> <span class='ocrx_word' id='word_1_203' title='bbox 2004 1671 2171 1729; x_wconf 83' lang='lat' dir='ltr'><strong>secuti</strong></span> <span class='ocrx_word' id='word_1_204' title='bbox 2199 1671 2550 1741; x_wconf 84' lang='lat' dir='ltr'><strong>publicamus.</strong></span> 
     </span>
    </p>
   </div>
   <div class='ocr_carea' id='block_1_27' title="bbox 531 1805 3767 1888">
    <p class='ocr_par' dir='ltr' id='par_1_27' title="bbox 531 1805 3767 1888">
     <span class='ocr_line' id='line_1_27' title="bbox 531 1805 3767 1888; baseline 0.001 -19"><span class='ocrx_word' id='word_1_205' title='bbox 531 1814 1002 1888; x_wconf 43' lang='lat' dir='ltr'><strong>“cunarum—7</strong></span> <span class='ocrx_word' id='word_1_206' title='bbox 1020 1813 1252 1888; x_wconf 74' lang='lat' dir='ltr'><strong>Christus</strong></span> <span class='ocrx_word' id='word_1_207' title='bbox 1298 1812 1547 1888; x_wconf 79' lang='lat' dir='ltr'><strong>Dominus</strong></span> <span class='ocrx_word' id='word_1_208' title='bbox 1585 1812 1850 1882; x_wconf 78' lang='lat' dir='ltr'><strong>discipulis</strong></span> <span class='ocrx_word' id='word_1_209' title='bbox 1868 1810 1999 1888; x_wconf 82' lang='lat' dir='ltr'><strong>_suis</strong></span> <span class='ocrx_word' id='word_1_210' title='bbox 2044 1808 2098 1859; x_wconf 86' lang='lat' dir='ltr'><strong>in</strong></span> <span class='ocrx_word' id='word_1_211' title='bbox 2135 1805 2174 1863; x_wconf 83' lang='grc' dir='ltr'>Β</span> <span class='ocrx_word' id='word_1_212' title='bbox 2204 1806 2398 1861; x_wconf 90' lang='lat' dir='ltr'><strong>mentis</strong></span> <span class='ocrx_word' id='word_1_213' title='bbox 2422 1806 2778 1877; x_wconf 87' lang='lat' dir='ltr'><strong>proficiscitur</strong></span> <span class='ocrx_word' id='word_1_214' title='bbox 2806 1810 3056 1880; x_wconf 84' lang='lat' dir='ltr'><strong>puritate,</strong></span> <span class='ocrx_word' id='word_1_215' title='bbox 3087 1826 3194 1867; x_wconf 89' lang='lat' dir='ltr'><strong>non</strong></span> <span class='ocrx_word' id='word_1_216' title='bbox 3222 1826 3341 1882; x_wconf 68' lang='lat' dir='ltr'><strong>qua:</strong></span> <span class='ocrx_word' id='word_1_217' title='bbox 3368 1813 3437 1870; x_wconf 90' lang='lat' dir='ltr'><strong>de</strong></span> <span class='ocrx_word' id='word_1_218' title='bbox 3461 1815 3660 1873; x_wconf 90' lang='lat' dir='ltr'><strong>vitioso</strong></span> <span class='ocrx_word' id='word_1_219' title='bbox 3684 1832 3767 1888; x_wconf 57' lang='lat' dir='ltr'><strong>pe</strong></span> 
     </span>
    </p>
   </div>
   <div class='ocr_carea' id='block_1_28' title="bbox 597 1881 2107 1952">
    <p class='ocr_par' dir='ltr' id='par_1_28' title="bbox 597 1881 2107 1952">
     <span class='ocr_line' id='line_1_28' title="bbox 597 1881 2107 1952; baseline -0.007 -14"><span class='ocrx_word' id='word_1_220' title='bbox 597 1886 867 1952; x_wconf 73' lang='lat' dir='ltr'><strong>semetipso</strong></span> <span class='ocrx_word' id='word_1_221' title='bbox 893 1883 1149 1937; x_wconf 86' lang='lat' dir='ltr'><strong>imitanda</strong></span> <span class='ocrx_word' id='word_1_222' title='bbox 1169 1882 1421 1936; x_wconf 65' lang='lat' dir='ltr'><strong>doctrina</strong></span> <span class='ocrx_word' id='word_1_223' title='bbox 1448 1891 1642 1936; x_wconf 64' lang='lat' dir='ltr'><strong>sancta!</strong></span> <span class='ocrx_word' id='word_1_224' title='bbox 1664 1881 1903 1952; x_wconf 81' lang='lat' dir='ltr'><strong>proponit</strong></span> <span class='ocrx_word' id='word_1_225' title='bbox 1930 1892 2107 1931; x_wconf 73' lang='lat' dir='ltr'><strong>exem-</strong></span> 
     </span>
    </p>
   </div>
   <div class='ocr_carea' id='block_1_29' title="bbox 597 1950 1626 2023">
    <p class='ocr_par' dir='ltr' id='par_1_29' title="bbox 597 1950 1626 2023">
     <span class='ocr_line' id='line_1_29' title="bbox 597 1950 1626 2023; baseline -0.001 -17"><span class='ocrx_word' id='word_1_226' title='bbox 597 1954 705 2023; x_wconf 86' lang='lat' dir='ltr'><strong>pla.</strong></span> <span class='ocrx_word' id='word_1_227' title='bbox 736 1950 901 2016; x_wconf 82' lang='lat' dir='ltr'><strong>Quale</strong></span> <span class='ocrx_word' id='word_1_228' title='bbox 929 1954 996 2006; x_wconf 89' lang='lat' dir='ltr'><strong>sit</strong></span> <span class='ocrx_word' id='word_1_229' title='bbox 1024 1952 1163 2006; x_wconf 90' lang='lat' dir='ltr'><strong>illius</strong></span> <span class='ocrx_word' id='word_1_230' title='bbox 1187 1952 1369 2023; x_wconf 79' lang='lat' dir='ltr'><strong>jugum</strong></span> <span class='ocrx_word' id='word_1_231' title='bbox 1397 1959 1449 2004; x_wconf 90' lang='lat' dir='ltr'><strong>et</strong></span> <span class='ocrx_word' id='word_1_232' title='bbox 1476 1967 1626 2006; x_wconf 85' lang='lat' dir='ltr'><strong>onus.</strong></span> 
     </span>
    </p>
   </div>
   <div class='ocr_carea' id='block_1_30' title="bbox 598 2080 2108 2154">
    <p class='ocr_par' dir='ltr' id='par_1_30' title="bbox 598 2080 2108 2154">
     <span class='ocr_line' id='line_1_30' title="bbox 598 2080 2108 2154; baseline -0.005 -15"><span class='ocrx_word' id='word_1_233' title='bbox 598 2086 732 2139; x_wconf 87' lang='lat' dir='ltr'><strong>Cum</strong></span> <span class='ocrx_word' id='word_1_234' title='bbox 760 2082 1141 2154; x_wconf 86' lang='lat' dir='ltr'><strong>omnipotentis</strong></span> <span class='ocrx_word' id='word_1_235' title='bbox 1168 2082 1262 2138; x_wconf 90' lang='lat' dir='ltr'><strong>Dei</strong></span> <span class='ocrx_word' id='word_1_236' title='bbox 1289 2080 1604 2151; x_wconf 89' lang='lat' dir='ltr'><strong>Unigcnitus</strong></span> <span class='ocrx_word' id='word_1_237' title='bbox 1627 2082 1750 2151; x_wconf 85' lang='lat' dir='ltr'><strong>quis</strong></span> <span class='ocrx_word' id='word_1_238' title='bbox 1773 2088 2108 2150; x_wconf 88' lang='lat' dir='ltr'><strong>quantusque</strong></span> 
     </span>
    </p>
   </div>
   <div class='ocr_carea' id='block_1_31' title="bbox 531 2169 2110 2230">
    <p class='ocr_par' dir='ltr' id='par_1_31' title="bbox 531 2169 2110 2230">
     <span class='ocr_line' id='line_1_31' title="bbox 531 2169 2110 2230; baseline -0.003 -4"><span class='ocrx_word' id='word_1_239' title='bbox 531 2183 671 2230; x_wconf 60' lang='lat' dir='ltr'><strong>esset</strong></span> <span class='ocrx_word' id='word_1_240' title='bbox 708 2172 1053 2228; x_wconf 79' lang='lat' dir='ltr'><strong>manifestare</strong></span> <span class='ocrx_word' id='word_1_241' title='bbox 1096 2172 1399 2227; x_wconf 90' lang='lat' dir='ltr'><strong>hominibus</strong></span> <span class='ocrx_word' id='word_1_242' title='bbox 1425 2172 1586 2227; x_wconf 87' lang='lat' dir='ltr'><strong>vellet</strong></span> <span class='ocrx_word' id='word_1_243' title='bbox 1626 2179 1682 2226; x_wconf 89' lang='lat' dir='ltr'><strong>et</strong></span> <span class='ocrx_word' id='word_1_244' title='bbox 1718 2169 1973 2225; x_wconf 85' lang='lat' dir='ltr'><strong>bonitatis</strong></span> <span class='ocrx_word' id='word_1_245' title='bbox 1999 2182 2110 2223; x_wconf 73' lang='lat' dir='ltr'><strong>sure</strong></span> 
     </span>
    </p>
   </div>
   <div class='ocr_carea' id='block_1_32' title="bbox 531 2258 2109 2332">
    <p class='ocr_par' dir='ltr' id='par_1_32' title="bbox 531 2258 2109 2332">
     <span class='ocr_line' id='line_1_32' title="bbox 531 2258 2109 2332; baseline -0.004 -15"><span class='ocrx_word' id='word_1_246' title='bbox 531 2263 729 2318; x_wconf 86' lang='lat' dir='ltr'><strong>fontem</strong></span> <span class='ocrx_word' id='word_1_247' title='bbox 755 2263 1121 2332; x_wconf 87' lang='lat' dir='ltr'><strong>proposuisset</strong></span> <span class='ocrx_word' id='word_1_248' title='bbox 1145 2262 1357 2331; x_wconf 86' lang='lat' dir='ltr'><strong>aperire</strong></span> <span class='ocrx_word' id='word_1_249' title='bbox 1378 2261 1712 2325; x_wconf 86' lang='lat' dir='ltr'><strong>mortalibus,</strong></span> <span class='ocrx_word' id='word_1_250' title='bbox 1737 2261 1816 2315; x_wconf 91' lang='lat' dir='ltr'><strong>sic</strong></span> <span class='ocrx_word' id='word_1_251' title='bbox 1843 2260 1918 2314; x_wconf 84' lang='lat' dir='ltr'><strong>ait</strong></span> <span class='ocrx_word' id='word_1_252' title='bbox 1941 2277 1957 2312; x_wconf 70' lang='grc' dir='ltr'>ι</span> <span class='ocrx_word' id='word_1_253' title='bbox 1984 2258 2109 2312; x_wconf 81' lang='lat' dir='ltr'><strong>0m—</strong></span> 
     </span>
    </p>
   </div>
   <div class='ocr_carea' id='block_1_33' title="bbox 532 2348 2110 2416">
    <p class='ocr_par' dir='ltr' id='par_1_33' title="bbox 532 2348 2110 2416">
     <span class='ocr_line' id='line_1_33' title="bbox 532 2348 2110 2416; baseline -0.004 -9"><span class='ocrx_word' id='word_1_254' title='bbox 532 2354 618 2407; x_wconf 81' lang='lat' dir='ltr'><strong>nia</strong></span> <span class='ocrx_word' id='word_1_255' title='bbox 638 2353 762 2407; x_wconf 88' lang='lat' dir='ltr'><strong>mihi</strong></span> <span class='ocrx_word' id='word_1_256' title='bbox 785 2351 976 2406; x_wconf 88' lang='lat' dir='ltr'><strong>tradita</strong></span> <span class='ocrx_word' id='word_1_257' title='bbox 997 2360 1116 2406; x_wconf 89' lang='lat' dir='ltr'><strong>sunt</strong></span> <span class='ocrx_word' id='word_1_258' title='bbox 1137 2368 1169 2405; x_wconf 88' lang='lat' dir='ltr'><strong>a</strong></span> <span class='ocrx_word' id='word_1_259' title='bbox 1191 2351 1350 2405; x_wconf 85' lang='lat' dir='ltr'><strong>Patre</strong></span> <span class='ocrx_word' id='word_1_260' title='bbox 1369 2367 1501 2416; x_wconf 87' lang='lat' dir='ltr'><strong>meo,</strong></span> <span class='ocrx_word' id='word_1_261' title='bbox 1521 2360 1570 2405; x_wconf 86' lang='lat' dir='ltr'><strong>et</strong></span> <span class='ocrx_word' id='word_1_262' title='bbox 1589 2366 1736 2405; x_wconf 84' lang='lat' dir='ltr'><strong>nemo</strong></span> <span class='ocrx_word' id='word_1_263' title='bbox 1757 2351 1895 2404; x_wconf 71' lang='lat' dir='ltr'><strong>norit</strong></span> <span class='ocrx_word' id='word_1_264' title='bbox 1914 2348 2110 2402; x_wconf 83' lang='lat' dir='ltr'><strong>Filium</strong></span> 
     </span>
    </p>
   </div>
   <div class='ocr_carea' id='block_1_34' title="bbox 533 2440 2111 2514">
    <p class='ocr_par' dir='ltr' id='par_1_34' title="bbox 533 2440 2111 2514">
     <span class='ocr_line' id='line_1_34' title="bbox 533 2440 2111 2514; baseline -0.003 -15"><span class='ocrx_word' id='word_1_265' title='bbox 533 2445 635 2500; x_wconf 86' lang='lat' dir='ltr'><strong>nisi</strong></span> <span class='ocrx_word' id='word_1_266' title='bbox 663 2444 839 2508; x_wconf 88' lang='lat' dir='ltr'><strong>Pater,</strong></span> <span class='ocrx_word' id='word_1_267' title='bbox 870 2459 1030 2514; x_wconf 87' lang='lat' dir='ltr'><strong>neque</strong></span> <span class='ocrx_word' id='word_1_268' title='bbox 1055 2442 1267 2497; x_wconf 83' lang='lat' dir='ltr'><strong>Patrem</strong></span> <span class='ocrx_word' id='word_1_269' title='bbox 1294 2443 1407 2514; x_wconf 83' lang='lat' dir='ltr'><strong>quis</strong></span> <span class='ocrx_word' id='word_1_270' title='bbox 1435 2443 1573 2496; x_wconf 83' lang='lat' dir='ltr'><strong>norit</strong></span> <span class='ocrx_word' id='word_1_271' title='bbox 1604 2442 1704 2496; x_wconf 86' lang='lat' dir='ltr'><strong>nisi</strong></span> <span class='ocrx_word' id='word_1_272' title='bbox 1734 2440 1782 2493; x_wconf 84' lang='lat' dir='ltr'><em>F</em></span> <span class='ocrx_word' id='word_1_273' title='bbox 1785 2441 1929 2509; x_wconf 88' lang='lat' dir='ltr'><strong>ilius,</strong></span> <span class='ocrx_word' id='word_1_274' title='bbox 1954 2450 2002 2494; x_wconf 74' lang='lat' dir='ltr'><strong>et</strong></span> <span class='ocrx_word' id='word_1_275' title='bbox 2029 2441 2111 2494; x_wconf 85' lang='lat' dir='ltr'><strong>cui</strong></span> 
     </span>
    </p>
   </div>
   <div class='ocr_carea' id='block_1_35' title="bbox 535 2530 2111 2601">
    <p class='ocr_par' dir='ltr' id='par_1_35' title="bbox 535 2530 2111 2601">
     <span class='ocr_line' id='line_1_35' title="bbox 535 2530 2111 2601; baseline -0.003 -13"><span class='ocrx_word' id='word_1_276' title='bbox 535 2531 747 2588; x_wconf 70' lang='lat' dir='ltr'><strong>coluerit</strong></span> <span class='ocrx_word' id='word_1_277' title='bbox 765 2530 812 2584; x_wconf 81' lang='lat' dir='ltr'><em>F</em></span> <span class='ocrx_word' id='word_1_278' title='bbox 814 2532 934 2586; x_wconf 89' lang='lat' dir='ltr'><strong>ilius</strong></span> <span class='ocrx_word' id='word_1_279' title='bbox 962 2532 1186 2587; x_wconf 79' lang='lat' dir='ltr'><strong>revelare</strong></span> <span class='ocrx_word' id='word_1_280' title='bbox 1214 2531 1427 2599; x_wconf 80' lang='lat' dir='ltr'><strong>(Matth.</strong></span> <span class='ocrx_word' id='word_1_281' title='bbox 1444 2530 1711 2601; x_wconf 79' lang='lat' dir='ltr'><strong>xt)?il-.ec,</strong></span> <span class='ocrx_word' id='word_1_282' title='bbox 1728 2531 2009 2597; x_wconf 84' lang='lat' dir='ltr'><strong>carissimi,</strong></span> <span class='ocrx_word' id='word_1_283' title='bbox 2033 2532 2111 2585; x_wconf 88' lang='lat' dir='ltr'><strong>al-</strong></span> 
     </span>
    </p>
   </div>
   <div class='ocr_carea' id='block_1_36' title="bbox 537 2622 2111 2693">
    <p class='ocr_par' dir='ltr' id='par_1_36' title="bbox 537 2622 2111 2693">
     <span class='ocr_line' id='line_1_36' title="bbox 537 2622 2111 2693; baseline -0.003 -13"><span class='ocrx_word' id='word_1_284' title='bbox 537 2633 687 2680; x_wconf 88' lang='lat' dir='ltr'><strong>terna</strong></span> <span class='ocrx_word' id='word_1_285' title='bbox 714 2624 887 2679; x_wconf 90' lang='lat' dir='ltr'><strong>Patris</strong></span> <span class='ocrx_word' id='word_1_286' title='bbox 913 2623 1140 2692; x_wconf 85' lang='lat' dir='ltr'><strong>Filiique</strong></span> <span class='ocrx_word' id='word_1_287' title='bbox 1165 2624 1399 2693; x_wconf 82' lang='lat' dir='ltr'><strong>cognitio</strong></span> <span class='ocrx_word' id='word_1_288' title='bbox 1429 2638 1588 2678; x_wconf 87' lang='lat' dir='ltr'><strong>unam</strong></span> <span class='ocrx_word' id='word_1_289' title='bbox 1614 2624 1731 2678; x_wconf 88' lang='lat' dir='ltr'><strong>sine</strong></span> <span class='ocrx_word' id='word_1_290' title='bbox 1758 2622 1922 2679; x_wconf 90' lang='lat' dir='ltr'><strong>dubio</strong></span> <span class='ocrx_word' id='word_1_291' title='bbox 1949 2631 2111 2691; x_wconf 83' lang='lat' dir='ltr'><strong>atque</strong></span> 
     </span>
    </p>
   </div>
   <div class='ocr_carea' id='block_1_37' title="bbox 536 2712 2112 2769">
    <p class='ocr_par' dir='ltr' id='par_1_37' title="bbox 536 2712 2112 2769">
     <span class='ocr_line' id='line_1_37' title="bbox 536 2712 2112 2769; baseline -0.002 -1"><span class='ocrx_word' id='word_1_292' title='bbox 536 2713 813 2768; x_wconf 89' lang='lat' dir='ltr'><strong>indivisam</strong></span> <span class='ocrx_word' id='word_1_293' title='bbox 843 2712 1078 2768; x_wconf 89' lang='lat' dir='ltr'><strong>ostendit</strong></span> <span class='ocrx_word' id='word_1_294' title='bbox 1104 2728 1224 2768; x_wconf 82' lang='lat' dir='ltr'><strong>esse</strong></span> <span class='ocrx_word' id='word_1_295' title='bbox 1250 2714 1624 2769; x_wconf 86' lang='lat' dir='ltr'><strong>substantiam.</strong></span> <span class='ocrx_word' id='word_1_296' title='bbox 1655 2712 1947 2769; x_wconf 89' lang='lat' dir='ltr'><strong>Sollicitius</strong></span> <span class='ocrx_word' id='word_1_297' title='bbox 1972 2727 2112 2766; x_wconf 89' lang='lat' dir='ltr'><strong>nunc</strong></span> 
     </span>
    </p>
   </div>
   <div class='ocr_carea' id='block_1_38' title="bbox 537 2803 2109 2879">
    <p class='ocr_par' dir='ltr' id='par_1_38' title="bbox 537 2803 2109 2879">
     <span class='ocr_line' id='line_1_38' title="bbox 537 2803 2109 2879; baseline -0.001 -20"><span class='ocrx_word' id='word_1_298' title='bbox 537 2803 819 2869; x_wconf 87' lang='lat' dir='ltr'><strong>intendite,</strong></span> <span class='ocrx_word' id='word_1_299' title='bbox 845 2803 1061 2879; x_wconf 81' lang='lat' dir='ltr'><strong>fratres,</strong></span> <span class='ocrx_word' id='word_1_300' title='bbox 1086 2818 1205 2873; x_wconf 71' lang='lat' dir='ltr'><strong>qua:</strong></span> <span class='ocrx_word' id='word_1_301' title='bbox 1229 2812 1534 2873; x_wconf 90' lang='lat' dir='ltr'><strong>quantaque</strong></span> <span class='ocrx_word' id='word_1_302' title='bbox 1561 2805 1633 2860; x_wconf 91' lang='lat' dir='ltr'><strong>sit</strong></span> <span class='ocrx_word' id='word_1_303' title='bbox 1658 2804 1797 2875; x_wconf 89' lang='lat' dir='ltr'><strong>apud</strong></span> <span class='ocrx_word' id='word_1_304' title='bbox 1828 2804 2109 2859; x_wconf 87' lang='lat' dir='ltr'><strong>Dominum</strong></span> 
     </span>
    </p>
   </div>
   <div class='ocr_carea' id='block_1_39' title="bbox 536 2893 2111 2963">
    <p class='ocr_par' dir='ltr' id='par_1_39' title="bbox 536 2893 2111 2963">
     <span class='ocr_line' id='line_1_39' title="bbox 536 2893 2111 2963; baseline -0.001 -15"><span class='ocrx_word' id='word_1_305' title='bbox 536 2908 600 2949; x_wconf 79' lang='lat' dir='ltr'><strong>ac</strong></span> <span class='ocrx_word' id='word_1_306' title='bbox 629 2893 1041 2963; x_wconf 81' lang='lat' dir='ltr'><strong>Redemptorem</strong></span> <span class='ocrx_word' id='word_1_307' title='bbox 1068 2902 1310 2949; x_wconf 90' lang='lat' dir='ltr'><strong>nostrum</strong></span> <span class='ocrx_word' id='word_1_308' title='bbox 1339 2894 1532 2949; x_wconf 73' lang='lat' dir='ltr'><strong>divinae</strong></span> <span class='ocrx_word' id='word_1_309' title='bbox 1555 2895 1723 2949; x_wconf 90' lang='lat' dir='ltr'><strong>virtus</strong></span> <span class='ocrx_word' id='word_1_310' title='bbox 1752 2903 1972 2958; x_wconf 62' lang='lat' dir='ltr'><strong>naturai,</strong></span> <span class='ocrx_word' id='word_1_311' title='bbox 2003 2909 2111 2947; x_wconf 82' lang='lat' dir='ltr'><strong>cm-</strong></span> 
     </span>
    </p>
   </div>
   <div class='ocr_carea' id='block_1_40' title="bbox 2206 1898 3769 1972">
    <p class='ocr_par' dir='ltr' id='par_1_40' title="bbox 2206 1898 3769 1972">
     <span class='ocr_line' id='line_1_40' title="bbox 2206 1898 3769 1972; baseline 0.006 -21"><span class='ocrx_word' id='word_1_312' title='bbox 2206 1903 2355 1951; x_wconf 87' lang='lat' dir='ltr'><strong>ctore</strong></span> <span class='ocrx_word' id='word_1_313' title='bbox 2384 1898 2711 1953; x_wconf 86' lang='lat' dir='ltr'><strong>conscientia</strong></span> <span class='ocrx_word' id='word_1_314' title='bbox 2751 1899 3052 1970; x_wconf 87' lang='lat' dir='ltr'><strong>trepidante</strong></span> <span class='ocrx_word' id='word_1_315' title='bbox 3090 1900 3390 1958; x_wconf 87' lang='lat' dir='ltr'><strong>descendit.</strong></span> <span class='ocrx_word' id='word_1_316' title='bbox 3430 1902 3647 1971; x_wconf 83' lang='lat' dir='ltr'><strong>Discite,</strong></span> <span class='ocrx_word' id='word_1_317' title='bbox 3688 1906 3769 1972; x_wconf 77' lang='lat' dir='ltr'><strong>ait.</strong></span> 
     </span>
    </p>
   </div>
   <div class='ocr_carea' id='block_1_41' title="bbox 2207 1993 3772 2063">
    <p class='ocr_par' dir='ltr' id='par_1_41' title="bbox 2207 1993 3772 2063">
     <span class='ocr_line' id='line_1_41' title="bbox 2207 1993 3772 2063; baseline 0.006 -18"><span class='ocrx_word' id='word_1_318' title='bbox 2207 2008 2238 2045; x_wconf 78' lang='grc' dir='ltr'><em>α</em></span> <span class='ocrx_word' id='word_1_319' title='bbox 2257 2008 2356 2056; x_wconf 80' lang='lat' dir='ltr'><strong>me,</strong></span> <span class='ocrx_word' id='word_1_320' title='bbox 2387 1993 2508 2063; x_wconf 87' lang='lat' dir='ltr'><strong>quia</strong></span> <span class='ocrx_word' id='word_1_321' title='bbox 2535 1994 2675 2047; x_wconf 85' lang='lat' dir='ltr'><strong>mitis</strong></span> <span class='ocrx_word' id='word_1_322' title='bbox 2696 2010 2808 2048; x_wconf 89' lang='lat' dir='ltr'><strong>sum</strong></span> <span class='ocrx_word' id='word_1_323' title='bbox 2836 2003 2886 2049; x_wconf 90' lang='lat' dir='ltr'><strong>et</strong></span> <span class='ocrx_word' id='word_1_324' title='bbox 2913 1995 3118 2050; x_wconf 84' lang='lat' dir='ltr'><strong>humilis</strong></span> <span class='ocrx_word' id='word_1_325' title='bbox 3138 1996 3308 2051; x_wconf 84' lang='lat' dir='ltr'><strong>corde.</strong></span> <span class='ocrx_word' id='word_1_326' title='bbox 3332 1996 3504 2063; x_wconf 86' lang='lat' dir='ltr'><strong>Quam</strong></span> <span class='ocrx_word' id='word_1_327' title='bbox 3524 1999 3663 2055; x_wconf 88' lang='lat' dir='ltr'><strong>bene</strong></span> <span class='ocrx_word' id='word_1_328' title='bbox 3682 2000 3772 2054; x_wconf 83' lang='lat' dir='ltr'><strong>do-</strong></span> 
     </span>
    </p>
   </div>
   <div class='ocr_carea' id='block_1_42' title="bbox 2206 2084 3774 2161">
    <p class='ocr_par' dir='ltr' id='par_1_42' title="bbox 2206 2084 3774 2161">
     <span class='ocr_line' id='line_1_42' title="bbox 2206 2084 3774 2161; baseline 0.006 -25"><span class='ocrx_word' id='word_1_329' title='bbox 2206 2090 2295 2136; x_wconf 86' lang='lat' dir='ltr'><strong>cet</strong></span> <span class='ocrx_word' id='word_1_330' title='bbox 2331 2084 2451 2138; x_wconf 87' lang='lat' dir='ltr'><strong>talis</strong></span> <span class='ocrx_word' id='word_1_331' title='bbox 2489 2085 2761 2152; x_wconf 80' lang='lat' dir='ltr'><strong>magister,</strong></span> <span class='ocrx_word' id='word_1_332' title='bbox 2792 2086 2882 2155; x_wconf 89' lang='lat' dir='ltr'><strong>qui</strong></span> <span class='ocrx_word' id='word_1_333' title='bbox 2922 2086 3199 2158; x_wconf 82' lang='lat' dir='ltr'><strong>discipulis</strong></span> <span class='ocrx_word' id='word_1_334' title='bbox 3240 2089 3351 2144; x_wconf 86' lang='lat' dir='ltr'><strong>suis</strong></span> <span class='ocrx_word' id='word_1_335' title='bbox 3394 2089 3446 2143; x_wconf 91' lang='lat' dir='ltr'><strong>in</strong></span> <span class='ocrx_word' id='word_1_336' title='bbox 3493 2091 3774 2161; x_wconf 80' lang='lat' dir='ltr'><strong>semetipso</strong></span> 
     </span>
    </p>
   </div>
   <div class='ocr_carea' id='block_1_43' title="bbox 2209 2173 3776 2250">
    <p class='ocr_par' dir='ltr' id='par_1_43' title="bbox 2209 2173 3776 2250">
     <span class='ocr_line' id='line_1_43' title="bbox 2209 2173 3776 2250; baseline 0.006 -23"><span class='ocrx_word' id='word_1_337' title='bbox 2209 2173 2461 2227; x_wconf 85' lang='lat' dir='ltr'><strong>imitanda</strong></span> <span class='ocrx_word' id='word_1_338' title='bbox 2491 2173 2746 2230; x_wconf 72' lang='lat' dir='ltr'><strong>doctrina:</strong></span> <span class='ocrx_word' id='word_1_339' title='bbox 2768 2184 2967 2231; x_wconf 65' lang='lat' dir='ltr'><strong>sanctae</strong></span> <span class='ocrx_word' id='word_1_340' title='bbox 2991 2178 3245 2247; x_wconf 88' lang='lat' dir='ltr'><strong>proponit</strong></span> <span class='ocrx_word' id='word_1_341' title='bbox 3271 2180 3539 2250; x_wconf 89' lang='lat' dir='ltr'><strong>exempla.</strong></span> <span class='ocrx_word' id='word_1_342' title='bbox 3559 2180 3673 2236; x_wconf 80' lang='lat' dir='ltr'><strong>Vos</strong></span> <span class='ocrx_word' id='word_1_343' title='bbox 3690 2197 3776 2236; x_wconf 84' lang='lat' dir='ltr'><strong>au-</strong></span> 
     </span>
    </p>
   </div>
   <div class='ocr_carea' id='block_1_44' title="bbox 2209 2264 3777 2337">
    <p class='ocr_par' dir='ltr' id='par_1_44' title="bbox 2209 2264 3777 2337">
     <span class='ocr_line' id='line_1_44' title="bbox 2209 2264 3777 2337; baseline 0.006 -21"><span class='ocrx_word' id='word_1_344' title='bbox 2209 2272 2339 2330; x_wconf 87' lang='lat' dir='ltr'><strong>tem,</strong></span> <span class='ocrx_word' id='word_1_345' title='bbox 2371 2264 2652 2333; x_wconf 84' lang='lat' dir='ltr'><strong>carissimi,</strong></span> <span class='ocrx_word' id='word_1_346' title='bbox 2680 2281 2785 2319; x_wconf 87' lang='lat' dir='ltr'><strong>non</strong></span> <span class='ocrx_word' id='word_1_347' title='bbox 2815 2265 2883 2321; x_wconf 89' lang='lat' dir='ltr'><strong>ad</strong></span> <span class='ocrx_word' id='word_1_348' title='bbox 2910 2267 3196 2322; x_wconf 88' lang='lat' dir='ltr'><strong>humanam</strong></span> <span class='ocrx_word' id='word_1_349' title='bbox 3218 2267 3575 2337; x_wconf 81' lang='lat' dir='ltr'><strong>fragilitatem,</strong></span> <span class='ocrx_word' id='word_1_350' title='bbox 3598 2269 3693 2324; x_wconf 88' lang='lat' dir='ltr'><strong>sed</strong></span> <span class='ocrx_word' id='word_1_351' title='bbox 3717 2270 3777 2325; x_wconf 89' lang='lat' dir='ltr'><strong>ad</strong></span> 
     </span>
    </p>
   </div>
   <div class='ocr_carea' id='block_1_45' title="bbox 2209 2355 3777 2429">
    <p class='ocr_par' dir='ltr' id='par_1_45' title="bbox 2209 2355 3777 2429">
     <span class='ocr_line' id='line_1_45' title="bbox 2209 2355 3777 2429; baseline 0.005 -21"><span class='ocrx_word' id='word_1_352' title='bbox 2209 2355 2360 2409; x_wconf 87' lang='lat' dir='ltr'><strong>illum</strong></span> <span class='ocrx_word' id='word_1_353' title='bbox 2383 2370 2596 2425; x_wconf 89' lang='lat' dir='ltr'><strong>semper</strong></span> <span class='ocrx_word' id='word_1_354' title='bbox 2616 2356 2873 2412; x_wconf 86' lang='lat' dir='ltr'><strong>intendite</strong></span> <span class='ocrx_word' id='word_1_355' title='bbox 2899 2358 2989 2427; x_wconf 84' lang='lat' dir='ltr'><strong>qui</strong></span> <span class='ocrx_word' id='word_1_356' title='bbox 3027 2374 3146 2427; x_wconf 75' lang='lat' dir='ltr'><strong>quze</strong></span> <span class='ocrx_word' id='word_1_357' title='bbox 3180 2358 3411 2415; x_wconf 79' lang='lat' dir='ltr'><strong>faciebat</strong></span> <span class='ocrx_word' id='word_1_358' title='bbox 3448 2360 3777 2429; x_wconf 85' lang='lat' dir='ltr'><strong>loquebatur,</strong></span> 
     </span>
    </p>
   </div>
   <div class='ocr_carea' id='block_1_46' title="bbox 2209 2444 3779 2520">
    <p class='ocr_par' dir='ltr' id='par_1_46' title="bbox 2209 2444 3779 2520">
     <span class='ocr_line' id='line_1_46' title="bbox 2209 2444 3779 2520; baseline 0.005 -22"><span class='ocrx_word' id='word_1_359' title='bbox 2209 2452 2265 2498; x_wconf 89' lang='lat' dir='ltr'><strong>et</strong></span> <span class='ocrx_word' id='word_1_360' title='bbox 2290 2459 2408 2514; x_wconf 67' lang='lat' dir='ltr'><strong>qum</strong></span> <span class='ocrx_word' id='word_1_361' title='bbox 2435 2444 2644 2500; x_wconf 88' lang='lat' dir='ltr'><strong>locutus</strong></span> <span class='ocrx_word' id='word_1_362' title='bbox 2668 2453 2750 2501; x_wconf 88' lang='lat' dir='ltr'><strong>est</strong></span> <span class='ocrx_word' id='word_1_363' title='bbox 2777 2445 2922 2502; x_wconf 79' lang='lat' dir='ltr'><strong>fecit.</strong></span> <span class='ocrx_word' id='word_1_364' title='bbox 2956 2446 3160 2513; x_wconf 87' lang='lat' dir='ltr'><strong>Tollite,</strong></span> <span class='ocrx_word' id='word_1_365' title='bbox 3188 2449 3283 2515; x_wconf 88' lang='lat' dir='ltr'><strong>ait,</strong></span> <span class='ocrx_word' id='word_1_366' title='bbox 3299 2451 3483 2520; x_wconf 78' lang='lat' dir='ltr'><strong>jugum</strong></span> <span class='ocrx_word' id='word_1_367' title='bbox 3515 2467 3685 2505; x_wconf 72' lang='lat' dir='ltr'><strong>meum</strong></span> <span class='ocrx_word' id='word_1_368' title='bbox 3700 2467 3779 2505; x_wconf 81' lang='lat' dir='ltr'><strong>su-</strong></span> 
     </span>
    </p>
   </div>
   <div class='ocr_carea' id='block_1_47' title="bbox 2210 2536 3785 2608">
    <p class='ocr_par' dir='ltr' id='par_1_47' title="bbox 2210 2536 3785 2608">
     <span class='ocr_line' id='line_1_47' title="bbox 2210 2536 3785 2608; baseline 0.004 -20"><span class='ocrx_word' id='word_1_369' title='bbox 2210 2551 2301 2604; x_wconf 88' lang='lat' dir='ltr'><strong>per</strong></span> <span class='ocrx_word' id='word_1_370' title='bbox 2339 2551 2447 2601; x_wconf 78' lang='lat' dir='ltr'><strong>vos,</strong></span> <span class='ocrx_word' id='word_1_371' title='bbox 2486 2536 2606 2605; x_wconf 86' lang='lat' dir='ltr'><strong>quia</strong></span> <span class='ocrx_word' id='word_1_372' title='bbox 2632 2536 2797 2607; x_wconf 75' lang='lat'><strong>688</strong></span> <span class='ocrx_word' id='word_1_373' title='bbox 2817 2537 3002 2608; x_wconf 78' lang='lat' dir='ltr'><strong>jugum</strong></span> <span class='ocrx_word' id='word_1_374' title='bbox 3043 2554 3211 2591; x_wconf 72' lang='lat' dir='ltr'><strong>tuatim</strong></span> <span class='ocrx_word' id='word_1_375' title='bbox 3252 2555 3407 2593; x_wconf 73' lang='lat' dir='ltr'><strong>auare</strong></span> <span class='ocrx_word' id='word_1_376' title='bbox 3440 2546 3536 2603; x_wconf 79' lang='lat' dir='ltr'><strong>est,</strong></span> <span class='ocrx_word' id='word_1_377' title='bbox 3575 2548 3629 2593; x_wconf 87' lang='lat' dir='ltr'><strong>et</strong></span> <span class='ocrx_word' id='word_1_378' title='bbox 3662 2554 3785 2595; x_wconf 69' lang='lat' dir='ltr'><strong>onus</strong></span> 
     </span>
    </p>
   </div>
   <div class='ocr_carea' id='block_1_48' title="bbox 2210 2623 3782 2695">
    <p class='ocr_par' dir='ltr' id='par_1_48' title="bbox 2210 2623 3782 2695">
     <span class='ocr_line' id='line_1_48' title="bbox 2210 2623 3782 2695; baseline 0.005 -17"><span class='ocrx_word' id='word_1_379' title='bbox 2210 2640 2376 2679; x_wconf 70' lang='lat' dir='ltr'><strong>mwm</strong></span> <span class='ocrx_word' id='word_1_380' title='bbox 2412 2624 2533 2679; x_wconf 86' lang='lat' dir='ltr'><strong>leve.</strong></span> <span class='ocrx_word' id='word_1_381' title='bbox 2573 2623 2765 2695; x_wconf 82' lang='lat' dir='ltr'><strong>Jugum</strong></span> <span class='ocrx_word' id='word_1_382' title='bbox 2801 2626 3017 2692; x_wconf 83' lang='lat' dir='ltr'><strong>Christi,</strong></span> <span class='ocrx_word' id='word_1_383' title='bbox 3062 2626 3276 2695; x_wconf 83' lang='lat' dir='ltr'><strong>fratres,</strong></span> <span class='ocrx_word' id='word_1_384' title='bbox 3314 2630 3495 2684; x_wconf 80' lang='lat' dir='ltr'><strong>omnia</strong></span> <span class='ocrx_word' id='word_1_385' title='bbox 3537 2628 3782 2687; x_wconf 86' lang='lat' dir='ltr'><strong>diabolici</strong></span> 
     </span>
    </p>
   </div>
   <div class='ocr_carea' id='block_1_49' title="bbox 2205 2715 3784 2787">
    <p class='ocr_par' dir='ltr' id='par_1_49' title="bbox 2205 2715 3784 2787">
     <span class='ocr_line' id='line_1_49' title="bbox 2205 2715 3784 2787; baseline 0.005 -18"><span class='ocrx_word' id='word_1_386' title='bbox 2205 2715 2318 2784; x_wconf 90' lang='lat' dir='ltr'><strong>jugi</strong></span> <span class='ocrx_word' id='word_1_387' title='bbox 2346 2716 2717 2784; x_wconf 87' lang='lat' dir='ltr'><strong>colligamenta</strong></span> <span class='ocrx_word' id='word_1_388' title='bbox 2745 2717 3008 2774; x_wconf 74' lang='lat' dir='ltr'><strong>dissolvit.</strong></span> <span class='ocrx_word' id='word_1_389' title='bbox 3040 2718 3229 2787; x_wconf 82' lang='lat' dir='ltr'><strong>.Iugum</strong></span> <span class='ocrx_word' id='word_1_390' title='bbox 3257 2718 3456 2776; x_wconf 87' lang='lat' dir='ltr'><strong>Christi</strong></span> <span class='ocrx_word' id='word_1_391' title='bbox 3485 2736 3592 2776; x_wconf 87' lang='lat' dir='ltr'><strong>non</strong></span> <span class='ocrx_word' id='word_1_392' title='bbox 3621 2721 3784 2778; x_wconf 83' lang='lat' dir='ltr'><strong>inurit</strong></span> 
     </span>
    </p>
   </div>
   <div class='ocr_carea' id='block_1_50' title="bbox 2211 2804 3784 2883">
    <p class='ocr_par' dir='ltr' id='par_1_50' title="bbox 2211 2804 3784 2883">
     <span class='ocr_line' id='line_1_50' title="bbox 2211 2804 3784 2883; baseline 0.005 -25"><span class='ocrx_word' id='word_1_393' title='bbox 2211 2805 2373 2872; x_wconf 85' lang='lat' dir='ltr'><strong>colla,</strong></span> <span class='ocrx_word' id='word_1_394' title='bbox 2401 2804 2493 2860; x_wconf 89' lang='lat' dir='ltr'><strong>sed</strong></span> <span class='ocrx_word' id='word_1_395' title='bbox 2522 2814 2697 2861; x_wconf 86' lang='lat' dir='ltr'><strong>ornat.</strong></span> <span class='ocrx_word' id='word_1_396' title='bbox 2735 2805 2929 2876; x_wconf 69' lang='lat' dir='ltr'><strong>iugum</strong></span> <span class='ocrx_word' id='word_1_397' title='bbox 2974 2807 3172 2864; x_wconf 89' lang='lat' dir='ltr'><strong>Christi</strong></span> <span class='ocrx_word' id='word_1_398' title='bbox 3203 2825 3308 2864; x_wconf 89' lang='lat' dir='ltr'><strong>non</strong></span> <span class='ocrx_word' id='word_1_399' title='bbox 3337 2808 3590 2880; x_wconf 88' lang='lat' dir='ltr'><strong>deprimit</strong></span> <span class='ocrx_word' id='word_1_400' title='bbox 3610 2812 3784 2883; x_wconf 76' lang='lat' dir='ltr'><strong>capita</strong></span> 
     </span>
    </p>
   </div>
   <div class='ocr_carea' id='block_1_51' title="bbox 2212 2894 3786 2966">
    <p class='ocr_par' dir='ltr' id='par_1_51' title="bbox 2212 2894 3786 2966">
     <span class='ocr_line' id='line_1_51' title="bbox 2212 2894 3786 2966; baseline 0.006 -18"><span class='ocrx_word' id='word_1_401' title='bbox 2212 2903 2412 2959; x_wconf 89' lang='lat' dir='ltr'><strong>nostra,</strong></span> <span class='ocrx_word' id='word_1_402' title='bbox 2442 2894 2537 2950; x_wconf 90' lang='lat' dir='ltr'><strong>sed</strong></span> <span class='ocrx_word' id='word_1_403' title='bbox 2563 2896 2823 2950; x_wconf 88' lang='lat' dir='ltr'><strong>continet.</strong></span> <span class='ocrx_word' id='word_1_404' title='bbox 2857 2896 3045 2966; x_wconf 68' lang='lat' dir='ltr'><strong>Iugum</strong></span> <span class='ocrx_word' id='word_1_405' title='bbox 3073 2897 3270 2953; x_wconf 76' lang='lat' dir='ltr'><strong>Christi</strong></span> <span class='ocrx_word' id='word_1_406' title='bbox 3298 2900 3543 2957; x_wconf 87' lang='lat' dir='ltr'><strong>sulcante</strong></span> <span class='ocrx_word' id='word_1_407' title='bbox 3565 2917 3786 2958; x_wconf 81' lang='lat' dir='ltr'><strong>vomere</strong></span> 
     </span>
    </p>
   </div>
   <div class='ocr_carea' id='block_1_52' title="bbox 536 2964 3785 3057">
    <p class='ocr_par' dir='ltr' id='par_1_52' title="bbox 536 2964 3785 3057">
     <span class='ocr_line' id='line_1_52' title="bbox 536 2964 3785 3057; baseline 0.002 -19"><span class='ocrx_word' id='word_1_408' title='bbox 536 2982 793 3055; x_wconf 89' lang='lat' dir='ltr'><strong>lestisque</strong></span> <span class='ocrx_word' id='word_1_409' title='bbox 829 2982 1086 3039; x_wconf 70' lang='lat' dir='ltr'><strong>doctrina:</strong></span> <span class='ocrx_word' id='word_1_410' title='bbox 1125 2985 1415 3055; x_wconf 89' lang='lat' dir='ltr'><strong>sapientia,</strong></span> <span class='ocrx_word' id='word_1_411' title='bbox 1452 2994 1508 3040; x_wconf 91' lang='lat' dir='ltr'><strong>et</strong></span> <span class='ocrx_word' id='word_1_412' title='bbox 1549 2964 1948 3040; x_wconf 45' lang='lat' dir='ltr'><strong>clementissimi</strong></span> <span class='ocrx_word' id='word_1_413' title='bbox 1994 2984 2112 3052; x_wconf 90' lang='lat' dir='ltr'><strong>ejus</strong></span> <span class='ocrx_word' id='word_1_414' title='bbox 2212 2984 2356 3053; x_wconf 67' lang='lat' dir='ltr'><strong>litei,</strong></span> <span class='ocrx_word' id='word_1_415' title='bbox 2381 2985 2631 3040; x_wconf 87' lang='lat' dir='ltr'><strong>vitiorum</strong></span> <span class='ocrx_word' id='word_1_416' title='bbox 2673 2986 2910 3041; x_wconf 92' lang='lat' dir='ltr'><strong>omnium</strong></span> <span class='ocrx_word' id='word_1_417' title='bbox 2932 2964 3187 3055; x_wconf 76' lang='lat' dir='ltr'><strong>gramina</strong></span> <span class='ocrx_word' id='word_1_418' title='bbox 3215 2995 3503 3057; x_wconf 84' lang='lat' dir='ltr'><strong>sentesque</strong></span> <span class='ocrx_word' id='word_1_419' title='bbox 3541 2990 3785 3046; x_wconf 88' lang='lat' dir='ltr'><strong>succidit.</strong></span> 
     </span>
    </p>
   </div>
   <div class='ocr_carea' id='block_1_53' title="bbox 538 3072 3791 3144">
    <p class='ocr_par' dir='ltr' id='par_1_53' title="bbox 538 3072 3791 3144">
     <span class='ocr_line' id='line_1_53' title="bbox 538 3072 3791 3144; baseline 0.002 -15"><span class='ocrx_word' id='word_1_420' title='bbox 538 3074 773 3144; x_wconf 85' lang='lat' dir='ltr'><strong>pectoris</strong></span> <span class='ocrx_word' id='word_1_421' title='bbox 791 3073 1233 3144; x_wconf 87' lang='lat' dir='ltr'><strong>incomprehensa</strong></span> <span class='ocrx_word' id='word_1_422' title='bbox 1255 3074 1579 3142; x_wconf 89' lang='lat' dir='ltr'><strong>benignitas.</strong></span> <span class='ocrx_word' id='word_1_423' title='bbox 1598 3073 1886 3143; x_wconf 81' lang='lat' dir='ltr'><strong>Postquam</strong></span> <span class='ocrx_word' id='word_1_424' title='bbox 1907 3074 2049 3129; x_wconf 89' lang='lat' dir='ltr'><strong>enim</strong></span> <span class='ocrx_word' id='word_1_425' title='bbox 2077 3089 2106 3127; x_wconf 88' lang='lat' dir='ltr'><strong>a</strong></span> <span class='ocrx_word' id='word_1_426' title='bbox 2210 3072 2402 3144; x_wconf 74' lang='lat' dir='ltr'><strong>Iugum</strong></span> <span class='ocrx_word' id='word_1_427' title='bbox 2432 3073 2627 3130; x_wconf 88' lang='lat' dir='ltr'><strong>Christi</strong></span> <span class='ocrx_word' id='word_1_428' title='bbox 2653 3076 3010 3132; x_wconf 90' lang='lat' dir='ltr'><strong>concordibus</strong></span> <span class='ocrx_word' id='word_1_429' title='bbox 3036 3076 3274 3133; x_wconf 88' lang='lat' dir='ltr'><strong>caritatis</strong></span> <span class='ocrx_word' id='word_1_430' title='bbox 3300 3079 3525 3135; x_wconf 82' lang='lat' dir='ltr'><strong>vinculis</strong></span> <span class='ocrx_word' id='word_1_431' title='bbox 3549 3080 3604 3135; x_wconf 90' lang='lat' dir='ltr'><strong>in</strong></span> <span class='ocrx_word' id='word_1_432' title='bbox 3630 3091 3791 3136; x_wconf 83' lang='lat' dir='ltr'><strong>:cter-</strong></span> 
     </span>
    </p>
   </div>
   <div class='ocr_carea' id='block_1_54' title="bbox 541 3152 3794 3238">
    <p class='ocr_par' dir='ltr' id='par_1_54' title="bbox 541 3152 3794 3238">
     <span class='ocr_line' id='line_1_54' title="bbox 541 3152 3794 3238; baseline 0.001 -18"><span class='ocrx_word' id='word_1_433' title='bbox 541 3167 649 3220; x_wconf 89' lang='lat' dir='ltr'><strong>Deo</strong></span> <span class='ocrx_word' id='word_1_434' title='bbox 676 3163 835 3220; x_wconf 88' lang='lat' dir='ltr'><strong>Patre</strong></span> <span class='ocrx_word' id='word_1_435' title='bbox 855 3180 977 3230; x_wconf 85' lang='lat' dir='ltr'><strong>suo,</strong></span> <span class='ocrx_word' id='word_1_436' title='bbox 1002 3165 1140 3220; x_wconf 88' lang='lat' dir='ltr'><strong>sicut</strong></span> <span class='ocrx_word' id='word_1_437' title='bbox 1167 3166 1506 3234; x_wconf 87' lang='lat' dir='ltr'><strong>evangelicus</strong></span> <span class='ocrx_word' id='word_1_438' title='bbox 1528 3182 1705 3221; x_wconf 84' lang='lat' dir='ltr'><strong>sermo</strong></span> <span class='ocrx_word' id='word_1_439' title='bbox 1729 3173 1980 3233; x_wconf 86' lang='lat' dir='ltr'><strong>testatur,</strong></span> <span class='ocrx_word' id='word_1_440' title='bbox 2009 3176 2115 3221; x_wconf 88' lang='lat' dir='ltr'><strong>tra-</strong></span> <span class='ocrx_word' id='word_1_441' title='bbox 2140 3152 2185 3213; x_wconf 83' lang='lat' dir='ltr'><strong>C</strong></span> <span class='ocrx_word' id='word_1_442' title='bbox 2218 3180 2341 3219; x_wconf 87' lang='lat' dir='ltr'><strong>nam</strong></span> <span class='ocrx_word' id='word_1_443' title='bbox 2367 3164 2681 3220; x_wconf 89' lang='lat' dir='ltr'><strong>societatem</strong></span> <span class='ocrx_word' id='word_1_444' title='bbox 2708 3164 2875 3220; x_wconf 90' lang='lat' dir='ltr'><strong>Deum</strong></span> <span class='ocrx_word' id='word_1_445' title='bbox 2905 3166 3290 3236; x_wconf 88' lang='lat' dir='ltr'><strong>hominumque</strong></span> <span class='ocrx_word' id='word_1_446' title='bbox 3317 3167 3612 3238; x_wconf 86' lang='lat' dir='ltr'><strong>conjungit.</strong></span> <span class='ocrx_word' id='word_1_447' title='bbox 3659 3168 3794 3237; x_wconf 81' lang='lat' dir='ltr'><strong>Quid</strong></span> 
     </span>
    </p>
   </div>
   <div class='ocr_carea' id='block_1_55' title="bbox 539 3250 3795 3327">
    <p class='ocr_par' dir='ltr' id='par_1_55' title="bbox 539 3250 3795 3327">
     <span class='ocr_line' id='line_1_55' title="bbox 539 3250 3795 3327; baseline 0.003 -23"><span class='ocrx_word' id='word_1_448' title='bbox 539 3250 650 3308; x_wconf 80' lang='lat' dir='ltr'><strong>dita</strong></span> <span class='ocrx_word' id='word_1_449' title='bbox 687 3253 789 3309; x_wconf 88' lang='lat' dir='ltr'><strong>sibi</strong></span> <span class='ocrx_word' id='word_1_450' title='bbox 828 3253 1074 3309; x_wconf 86' lang='lat' dir='ltr'><strong>universa</strong></span> <span class='ocrx_word' id='word_1_451' title='bbox 1119 3253 1394 3323; x_wconf 89' lang='lat' dir='ltr'><strong>professus</strong></span> <span class='ocrx_word' id='word_1_452' title='bbox 1429 3262 1530 3319; x_wconf 90' lang='lat' dir='ltr'><strong>est,</strong></span> <span class='ocrx_word' id='word_1_453' title='bbox 1572 3269 1766 3324; x_wconf 90' lang='lat' dir='ltr'><strong>neque.</strong></span> <span class='ocrx_word' id='word_1_454' title='bbox 1804 3262 1911 3310; x_wconf 89' lang='lat' dir='ltr'><strong>etc.</strong></span> <span class='ocrx_word' id='word_1_455' title='bbox 1949 3254 2109 3327; x_wconf 74' lang='lat'><strong>637</strong></span> <span class='ocrx_word' id='word_1_456' title='bbox 2215 3252 2377 3307; x_wconf 88' lang='lat' dir='ltr'><strong>etiam</strong></span> <span class='ocrx_word' id='word_1_457' title='bbox 2413 3252 2482 3308; x_wconf 89' lang='lat' dir='ltr'><strong>de</strong></span> <span class='ocrx_word' id='word_1_458' title='bbox 2525 3268 2691 3308; x_wconf 89' lang='lat' dir='ltr'><strong>onere</strong></span> <span class='ocrx_word' id='word_1_459' title='bbox 2735 3252 3015 3310; x_wconf 91' lang='lat' dir='ltr'><strong>Dominico</strong></span> <span class='ocrx_word' id='word_1_460' title='bbox 3051 3269 3370 3325; x_wconf 84' lang='lat' dir='ltr'><strong>prosequar,</strong></span> <span class='ocrx_word' id='word_1_461' title='bbox 3400 3257 3546 3326; x_wconf 89' lang='lat' dir='ltr'><strong>quod</strong></span> <span class='ocrx_word' id='word_1_462' title='bbox 3580 3257 3795 3326; x_wconf 80' lang='lat' dir='ltr'><strong>quidem</strong></span> 
     </span>
    </p>
   </div>
   <div class='ocr_carea' id='block_1_56' title="bbox 540 3342 3794 3418">
    <p class='ocr_par' dir='ltr' id='par_1_56' title="bbox 540 3342 3794 3418">
     <span class='ocr_line' id='line_1_56' title="bbox 540 3342 3794 3418; baseline 0.002 -19"><span class='ocrx_word' id='word_1_463' title='bbox 540 3344 718 3416; x_wconf 86' lang='lat' dir='ltr'><strong>(Deest</strong></span> <span class='ocrx_word' id='word_1_464' title='bbox 763 3348 972 3416; x_wconf 81' lang='lat' dir='ltr'><strong>pagina.</strong></span> <span class='ocrx_word' id='word_1_465' title='bbox 1031 3346 1275 3417; x_wconf 81' lang='lat' dir='ltr'><strong>Sequitur</strong></span> <span class='ocrx_word' id='word_1_466' title='bbox 1323 3348 1715 3418; x_wconf 74' lang='lat' dir='ltr'><strong>fragmentum.)</strong></span> <span class='ocrx_word' id='word_1_467' title='bbox 1757 3387 1772 3402; x_wconf 94' lang='lat'><strong>.</strong></span> <span class='ocrx_word' id='word_1_468' title='bbox 1816 3387 1830 3401; x_wconf 93' lang='lat'><strong>.</strong></span> <span class='ocrx_word' id='word_1_469' title='bbox 1873 3387 1889 3401; x_wconf 92' lang='lat'><strong>.</strong></span> <span class='ocrx_word' id='word_1_470' title='bbox 1930 3386 1945 3400; x_wconf 90' lang='lat'><strong>.</strong></span> <span class='ocrx_word' id='word_1_471' title='bbox 1988 3387 2005 3403; x_wconf 91' lang='lat'><strong>.</strong></span> <span class='ocrx_word' id='word_1_472' title='bbox 2044 3347 2115 3403; x_wconf 83' lang='lat' dir='ltr'><strong>de</strong></span> <span class='ocrx_word' id='word_1_473' title='bbox 2214 3342 2515 3411; x_wconf 88' lang='lat' dir='ltr'><strong>hujusmodi</strong></span> <span class='ocrx_word' id='word_1_474' title='bbox 2541 3350 2642 3409; x_wconf 89' lang='lat' dir='ltr'><strong>est,</strong></span> <span class='ocrx_word' id='word_1_475' title='bbox 2673 3351 2733 3399; x_wconf 91' lang='lat' dir='ltr'><strong>ut</strong></span> <span class='ocrx_word' id='word_1_476' title='bbox 2753 3345 3051 3401; x_wconf 83' lang='lat' dir='ltr'><strong>cervicibus</strong></span> <span class='ocrx_word' id='word_1_477' title='bbox 3075 3347 3272 3402; x_wconf 86' lang='lat' dir='ltr'><strong>nostris</strong></span> <span class='ocrx_word' id='word_1_478' title='bbox 3297 3356 3649 3416; x_wconf 82' lang='lat' dir='ltr'><strong>peccatorum</strong></span> <span class='ocrx_word' id='word_1_479' title='bbox 3676 3365 3794 3405; x_wconf 85' lang='lat' dir='ltr'><strong>om-</strong></span> 
     </span>
    </p>
   </div>
   <div class='ocr_carea' id='block_1_57' title="bbox 540 3435 3793 3510">
    <p class='ocr_par' dir='ltr' id='par_1_57' title="bbox 540 3435 3793 3510">
     <span class='ocr_line' id='line_1_57' title="bbox 540 3435 3793 3510; baseline 0.002 -20"><span class='ocrx_word' id='word_1_480' title='bbox 540 3435 739 3490; x_wconf 85' lang='lat' dir='ltr'><strong>dolosis</strong></span> <span class='ocrx_word' id='word_1_481' title='bbox 766 3435 1053 3503; x_wconf 72' lang='lat' dir='ltr'><strong>simplices,</strong></span> <span class='ocrx_word' id='word_1_482' title='bbox 1091 3435 1156 3490; x_wconf 90' lang='lat' dir='ltr'><strong>de</strong></span> <span class='ocrx_word' id='word_1_483' title='bbox 1190 3435 1457 3491; x_wconf 90' lang='lat' dir='ltr'><strong>iracundis</strong></span> <span class='ocrx_word' id='word_1_484' title='bbox 1494 3435 1757 3505; x_wconf 83' lang='lat' dir='ltr'><strong>placidos,</strong></span> <span class='ocrx_word' id='word_1_485' title='bbox 1789 3435 2016 3490; x_wconf 91' lang='lat' dir='ltr'><strong>humiles</strong></span> <span class='ocrx_word' id='word_1_486' title='bbox 2048 3436 2115 3490; x_wconf 91' lang='lat' dir='ltr'><strong>de</strong></span> <span class='ocrx_word' id='word_1_487' title='bbox 2172 3435 2360 3489; x_wconf 53' lang='lat' dir='ltr'><strong>snium</strong></span> <span class='ocrx_word' id='word_1_488' title='bbox 2395 3435 2604 3506; x_wconf 86' lang='lat' dir='ltr'><strong>pondus</strong></span> <span class='ocrx_word' id='word_1_489' title='bbox 2638 3438 2875 3492; x_wconf 80' lang='lat' dir='ltr'><strong>avertat?</strong></span> <span class='ocrx_word' id='word_1_490' title='bbox 2917 3435 3065 3493; x_wconf 91' lang='lat' dir='ltr'><strong>Onus</strong></span> <span class='ocrx_word' id='word_1_491' title='bbox 3103 3439 3245 3494; x_wconf 92' lang='lat' dir='ltr'><strong>enim</strong></span> <span class='ocrx_word' id='word_1_492' title='bbox 3288 3438 3486 3495; x_wconf 86' lang='lat' dir='ltr'><strong>Christi</strong></span> <span class='ocrx_word' id='word_1_493' title='bbox 3531 3440 3793 3510; x_wconf 74' lang='lat' dir='ltr'><strong>pudicitia</strong></span> 
     </span>
    </p>
   </div>
   <div class='ocr_carea' id='block_1_58' title="bbox 541 3524 3794 3603">
    <p class='ocr_par' dir='ltr' id='par_1_58' title="bbox 541 3524 3794 3603">
     <span class='ocr_line' id='line_1_58' title="bbox 541 3524 3794 3603; baseline 0.002 -20"><span class='ocrx_word' id='word_1_494' title='bbox 541 3527 801 3598; x_wconf 80' lang='lat' dir='ltr'><strong>superbis.</strong></span> <span class='ocrx_word' id='word_1_495' title='bbox 836 3525 1025 3583; x_wconf 81' lang='lat' dir='ltr'><strong>Rcllcit</strong></span> <span class='ocrx_word' id='word_1_496' title='bbox 1047 3541 1194 3596; x_wconf 84' lang='lat' dir='ltr'><strong>ergo.</strong></span> <span class='ocrx_word' id='word_1_497' title='bbox 1228 3527 1337 3582; x_wconf 88' lang='lat' dir='ltr'><strong>imo</strong></span> <span class='ocrx_word' id='word_1_498' title='bbox 1363 3526 1553 3582; x_wconf 84' lang='lat' dir='ltr'><strong>refacit</strong></span> <span class='ocrx_word' id='word_1_499' title='bbox 1587 3541 1684 3581; x_wconf 89' lang='lat' dir='ltr'><strong>nos</strong></span> <span class='ocrx_word' id='word_1_500' title='bbox 1709 3524 1969 3592; x_wconf 88' lang='lat' dir='ltr'><strong>Christus,</strong></span> <span class='ocrx_word' id='word_1_501' title='bbox 1993 3542 2115 3582; x_wconf 86' lang='lat' dir='ltr'><strong>cum</strong></span> <span class='ocrx_word' id='word_1_502' title='bbox 2216 3535 2318 3592; x_wconf 89' lang='lat' dir='ltr'><strong>est,</strong></span> <span class='ocrx_word' id='word_1_503' title='bbox 2344 3543 2480 3583; x_wconf 90' lang='lat' dir='ltr'><strong>onus</strong></span> <span class='ocrx_word' id='word_1_504' title='bbox 2504 3527 2701 3585; x_wconf 85' lang='lat' dir='ltr'><strong>Christi</strong></span> <span class='ocrx_word' id='word_1_505' title='bbox 2728 3529 3002 3584; x_wconf 87' lang='lat' dir='ltr'><strong>humilitas</strong></span> <span class='ocrx_word' id='word_1_506' title='bbox 3022 3538 3123 3597; x_wconf 90' lang='lat' dir='ltr'><strong>est,</strong></span> <span class='ocrx_word' id='word_1_507' title='bbox 3152 3546 3288 3587; x_wconf 90' lang='lat' dir='ltr'><strong>onus</strong></span> <span class='ocrx_word' id='word_1_508' title='bbox 3306 3528 3506 3587; x_wconf 88' lang='lat' dir='ltr'><strong>Christi</strong></span> <span class='ocrx_word' id='word_1_509' title='bbox 3536 3532 3794 3603; x_wconf 82' lang='lat' dir='ltr'><strong>patientia</strong></span> 
     </span>
    </p>
   </div>
   <div class='ocr_carea' id='block_1_59' title="bbox 543 3616 3796 3692">
    <p class='ocr_par' dir='ltr' id='par_1_59' title="bbox 543 3616 3796 3692">
     <span class='ocr_line' id='line_1_59' title="bbox 543 3616 3796 3692; baseline 0.002 -20"><span class='ocrx_word' id='word_1_510' title='bbox 543 3626 632 3673; x_wconf 84' lang='lat' dir='ltr'><strong>aut</strong></span> <span class='ocrx_word' id='word_1_511' title='bbox 656 3618 1015 3675; x_wconf 85' lang='lat' dir='ltr'><strong>severioribus</strong></span> <span class='ocrx_word' id='word_1_512' title='bbox 1056 3617 1274 3672; x_wconf 86' lang='lat' dir='ltr'><strong>monitis</strong></span> <span class='ocrx_word' id='word_1_513' title='bbox 1309 3616 1689 3673; x_wconf 82' lang='lat' dir='ltr'><strong>committenda</strong></span> <span class='ocrx_word' id='word_1_514' title='bbox 1717 3618 1973 3686; x_wconf 75' lang='lat' dir='ltr'><strong>prmvcnit</strong></span> <span class='ocrx_word' id='word_1_515' title='bbox 1996 3632 2110 3672; x_wconf 83' lang='lat' dir='ltr'><strong>see-</strong></span> <span class='ocrx_word' id='word_1_516' title='bbox 2217 3628 2319 3685; x_wconf 79' lang='lat' dir='ltr'><strong>est,</strong></span> <span class='ocrx_word' id='word_1_517' title='bbox 2345 3634 2482 3676; x_wconf 90' lang='lat' dir='ltr'><strong>onus</strong></span> <span class='ocrx_word' id='word_1_518' title='bbox 2501 3617 2699 3674; x_wconf 86' lang='lat' dir='ltr'><strong>Christi</strong></span> <span class='ocrx_word' id='word_1_519' title='bbox 2736 3626 3078 3690; x_wconf 87' lang='lat' dir='ltr'><strong>contemptus</strong></span> <span class='ocrx_word' id='word_1_520' title='bbox 3105 3629 3188 3677; x_wconf 90' lang='lat' dir='ltr'><strong>est</strong></span> <span class='ocrx_word' id='word_1_521' title='bbox 3214 3621 3419 3687; x_wconf 87' lang='lat' dir='ltr'><strong>mundi,</strong></span> <span class='ocrx_word' id='word_1_522' title='bbox 3450 3631 3508 3678; x_wconf 89' lang='lat' dir='ltr'><strong>et</strong></span> <span class='ocrx_word' id='word_1_523' title='bbox 3534 3637 3638 3692; x_wconf 83' lang='lat' dir='ltr'><strong>pro</strong></span> <span class='ocrx_word' id='word_1_524' title='bbox 3662 3637 3796 3678; x_wconf 59' lang='lat' dir='ltr'><strong>cono</strong></span> 
     </span>
    </p>
   </div>
   <div class='ocr_carea' id='block_1_60' title="bbox 545 3706 2115 3777">
    <p class='ocr_par' dir='ltr' id='par_1_60' title="bbox 545 3706 2115 3777">
     <span class='ocr_line' id='line_1_60' title="bbox 545 3706 2115 3777; baseline -0.001 -15"><span class='ocrx_word' id='word_1_525' title='bbox 545 3708 673 3773; x_wconf 87' lang='lat' dir='ltr'><strong>lcra,</strong></span> <span class='ocrx_word' id='word_1_526' title='bbox 696 3714 790 3763; x_wconf 92' lang='lat' dir='ltr'><strong>aut</strong></span> <span class='ocrx_word' id='word_1_527' title='bbox 811 3706 1149 3776; x_wconf 61' lang='lat' dir='ltr'><strong>indulgentia!</strong></span> <span class='ocrx_word' id='word_1_528' title='bbox 1168 3723 1277 3763; x_wconf 73' lang='lat' dir='ltr'><strong>sum</strong></span> <span class='ocrx_word' id='word_1_529' title='bbox 1298 3722 1519 3762; x_wconf 88' lang='lat' dir='ltr'><strong>munere</strong></span> <span class='ocrx_word' id='word_1_530' title='bbox 1546 3715 1850 3777; x_wconf 88' lang='lat' dir='ltr'><strong>perpetrata</strong></span> <span class='ocrx_word' id='word_1_531' title='bbox 1870 3708 2115 3763; x_wconf 88' lang='lat' dir='ltr'><strong>remittit.</strong></span> 
     </span>
    </p>
   </div>
   <div class='ocr_carea' id='block_1_61' title="bbox 546 3797 2119 3870">
    <p class='ocr_par' dir='ltr' id='par_1_61' title="bbox 546 3797 2119 3870">
     <span class='ocr_line' id='line_1_61' title="bbox 546 3797 2119 3870; baseline 0 -19"><span class='ocrx_word' id='word_1_532' title='bbox 546 3797 749 3866; x_wconf 81' lang='lat' dir='ltr'><strong>Tollite,</strong></span> <span class='ocrx_word' id='word_1_533' title='bbox 777 3798 870 3863; x_wconf 86' lang='lat' dir='ltr'><strong>ait,</strong></span> <span class='ocrx_word' id='word_1_534' title='bbox 887 3798 1069 3869; x_wconf 83' lang='lat' dir='ltr'><strong>jugum</strong></span> <span class='ocrx_word' id='word_1_535' title='bbox 1089 3814 1255 3851; x_wconf 80' lang='lat' dir='ltr'><strong>meum</strong></span> <span class='ocrx_word' id='word_1_536' title='bbox 1275 3814 1427 3867; x_wconf 84' lang='lat' dir='ltr'><strong>super</strong></span> <span class='ocrx_word' id='word_1_537' title='bbox 1447 3813 1555 3865; x_wconf 85' lang='lat' dir='ltr'><strong>vos,</strong></span> <span class='ocrx_word' id='word_1_538' title='bbox 1582 3806 1631 3850; x_wconf 89' lang='lat' dir='ltr'><strong>et</strong></span> <span class='ocrx_word' id='word_1_539' title='bbox 1649 3797 1830 3852; x_wconf 84' lang='lat' dir='ltr'><strong>discite</strong></span> <span class='ocrx_word' id='word_1_540' title='bbox 1848 3814 1879 3851; x_wconf 88' lang='lat' dir='ltr'><strong>a</strong></span> <span class='ocrx_word' id='word_1_541' title='bbox 1901 3815 1982 3852; x_wconf 83' lang='lat' dir='ltr'><strong>me</strong></span> <span class='ocrx_word' id='word_1_542' title='bbox 1998 3799 2119 3870; x_wconf 88' lang='lat' dir='ltr'><strong>quia</strong></span> 
     </span>
    </p>
   </div>
   <div class='ocr_carea' id='block_1_62' title="bbox 546 3888 2120 3959">
    <p class='ocr_par' dir='ltr' id='par_1_62' title="bbox 546 3888 2120 3959">
     <span class='ocr_line' id='line_1_62' title="bbox 546 3888 2120 3959; baseline 0.001 -17"><span class='ocrx_word' id='word_1_543' title='bbox 546 3889 682 3942; x_wconf 86' lang='lat' dir='ltr'><strong>mitis</strong></span> <span class='ocrx_word' id='word_1_544' title='bbox 711 3905 821 3942; x_wconf 85' lang='lat' dir='ltr'><strong>sum</strong></span> <span class='ocrx_word' id='word_1_545' title='bbox 850 3899 899 3942; x_wconf 87' lang='lat' dir='ltr'><strong>et</strong></span> <span class='ocrx_word' id='word_1_546' title='bbox 922 3890 1129 3943; x_wconf 83' lang='lat' dir='ltr'><strong>humilis</strong></span> <span class='ocrx_word' id='word_1_547' title='bbox 1157 3889 1308 3943; x_wconf 79' lang='lat' dir='ltr'><strong>corde</strong></span> <span class='ocrx_word' id='word_1_548' title='bbox 1344 3888 1555 3959; x_wconf 78' lang='lat' dir='ltr'><strong>(Matth.</strong></span> <span class='ocrx_word' id='word_1_549' title='bbox 1579 3889 1675 3959; x_wconf 78' lang='lat' dir='ltr'><strong>x1).</strong></span> <span class='ocrx_word' id='word_1_550' title='bbox 1705 3889 1844 3945; x_wconf 87' lang='lat' dir='ltr'><strong>Vere</strong></span> <span class='ocrx_word' id='word_1_551' title='bbox 1870 3891 2014 3945; x_wconf 87' lang='lat' dir='ltr'><strong>mitis</strong></span> <span class='ocrx_word' id='word_1_552' title='bbox 2037 3899 2120 3945; x_wconf 83' lang='lat' dir='ltr'><strong>et</strong></span> 
     </span>
    </p>
   </div>
   <div class='ocr_carea' id='block_1_63' title="bbox 546 3979 2116 4051">
    <p class='ocr_par' dir='ltr' id='par_1_63' title="bbox 546 3979 2116 4051">
     <span class='ocr_line' id='line_1_63' title="bbox 546 3979 2116 4051; baseline 0.003 -19"><span class='ocrx_word' id='word_1_553' title='bbox 546 3979 807 4038; x_wconf 87' lang='lat' dir='ltr'><strong>Christus.</strong></span> <span class='ocrx_word' id='word_1_554' title='bbox 839 3980 962 4049; x_wconf 87' lang='lat' dir='ltr'><strong>quia</strong></span> <span class='ocrx_word' id='word_1_555' title='bbox 991 3981 1059 4035; x_wconf 92' lang='lat' dir='ltr'><strong>ob</strong></span> <span class='ocrx_word' id='word_1_556' title='bbox 1089 3981 1194 4035; x_wconf 86' lang='lat' dir='ltr'><strong>hoc</strong></span> <span class='ocrx_word' id='word_1_557' title='bbox 1220 3979 1497 4035; x_wconf 80' lang='lat' dir='ltr'><strong>descendit</strong></span> <span class='ocrx_word' id='word_1_558' title='bbox 1523 3979 1588 4034; x_wconf 90' lang='lat' dir='ltr'><strong>de</strong></span> <span class='ocrx_word' id='word_1_559' title='bbox 1618 3980 1781 4047; x_wconf 72' lang='lat' dir='ltr'><strong>coelo,</strong></span> <span class='ocrx_word' id='word_1_560' title='bbox 1809 3988 1866 4034; x_wconf 91' lang='lat' dir='ltr'><strong>ut</strong></span> <span class='ocrx_word' id='word_1_561' title='bbox 1892 3995 1990 4050; x_wconf 87' lang='lat' dir='ltr'><strong>per</strong></span> <span class='ocrx_word' id='word_1_562' title='bbox 2016 3997 2116 4051; x_wconf 87' lang='lat' dir='ltr'><strong>op-</strong></span> 
     </span>
    </p>
   </div>
   <div class='ocr_carea' id='block_1_64' title="bbox 546 4067 2120 4140">
    <p class='ocr_par' dir='ltr' id='par_1_64' title="bbox 546 4067 2120 4140">
     <span class='ocr_line' id='line_1_64' title="bbox 546 4067 2120 4140; baseline 0.002 -19"><span class='ocrx_word' id='word_1_563' title='bbox 546 4068 759 4137; x_wconf 88' lang='lat' dir='ltr'><strong>probria</strong></span> <span class='ocrx_word' id='word_1_564' title='bbox 788 4067 1109 4140; x_wconf 75' lang='lat' dir='ltr'><strong>iniuriasque</strong></span> <span class='ocrx_word' id='word_1_565' title='bbox 1134 4084 1256 4124; x_wconf 88' lang='lat' dir='ltr'><strong>suas</strong></span> <span class='ocrx_word' id='word_1_566' title='bbox 1280 4069 1619 4139; x_wconf 83' lang='lat' dir='ltr'><strong>peccantibus</strong></span> <span class='ocrx_word' id='word_1_567' title='bbox 1644 4084 1856 4139; x_wconf 87' lang='lat' dir='ltr'><strong>semper</strong></span> <span class='ocrx_word' id='word_1_568' title='bbox 1880 4070 2120 4125; x_wconf 85' lang='lat' dir='ltr'><strong>mortali-</strong></span> 
     </span>
    </p>
   </div>
   <div class='ocr_carea' id='block_1_65' title="bbox 548 4156 2119 4230">
    <p class='ocr_par' dir='ltr' id='par_1_65' title="bbox 548 4156 2119 4230">
     <span class='ocr_line' id='line_1_65' title="bbox 548 4156 2119 4230; baseline 0.001 -18"><span class='ocrx_word' id='word_1_569' title='bbox 548 4159 647 4212; x_wconf 85' lang='lat' dir='ltr'><strong>bus</strong></span> <span class='ocrx_word' id='word_1_570' title='bbox 675 4159 1052 4228; x_wconf 87' lang='lat' dir='ltr'><strong>indulgeutiam</strong></span> <span class='ocrx_word' id='word_1_571' title='bbox 1083 4160 1382 4228; x_wconf 79' lang='lat' dir='ltr'><strong>largiretur.</strong></span> <span class='ocrx_word' id='word_1_572' title='bbox 1408 4156 1475 4212; x_wconf 88' lang='lat' dir='ltr'><strong>Et</strong></span> <span class='ocrx_word' id='word_1_573' title='bbox 1501 4175 1623 4214; x_wconf 76' lang='lat' dir='ltr'><strong>rere</strong></span> <span class='ocrx_word' id='word_1_574' title='bbox 1648 4166 1732 4214; x_wconf 88' lang='lat' dir='ltr'><strong>est</strong></span> <span class='ocrx_word' id='word_1_575' title='bbox 1768 4159 2001 4227; x_wconf 87' lang='lat' dir='ltr'><strong>humilis,</strong></span> <span class='ocrx_word' id='word_1_576' title='bbox 2030 4161 2119 4230; x_wconf 82' lang='lat' dir='ltr'><strong>qui</strong></span> 
     </span>
    </p>
   </div>
   <div class='ocr_carea' id='block_1_66' title="bbox 549 4249 2121 4320">
    <p class='ocr_par' dir='ltr' id='par_1_66' title="bbox 549 4249 2121 4320">
     <span class='ocr_line' id='line_1_66' title="bbox 549 4249 2121 4320; baseline 0.002 -18"><span class='ocrx_word' id='word_1_577' title='bbox 549 4256 607 4302; x_wconf 88' lang='lat' dir='ltr'><strong>ut</strong></span> <span class='ocrx_word' id='word_1_578' title='bbox 635 4249 768 4305; x_wconf 88' lang='lat' dir='ltr'><strong>mori</strong></span> <span class='ocrx_word' id='word_1_579' title='bbox 813 4265 915 4320; x_wconf 89' lang='lat' dir='ltr'><strong>pro</strong></span> <span class='ocrx_word' id='word_1_580' title='bbox 956 4249 1183 4304; x_wconf 85' lang='lat' dir='ltr'><strong>mortuis</strong></span> <span class='ocrx_word' id='word_1_581' title='bbox 1223 4258 1425 4319; x_wconf 85' lang='lat' dir='ltr'><strong>posset,</strong></span> <span class='ocrx_word' id='word_1_582' title='bbox 1454 4250 1723 4304; x_wconf 89' lang='lat' dir='ltr'><strong>carnalem</strong></span> <span class='ocrx_word' id='word_1_583' title='bbox 1751 4250 1850 4305; x_wconf 89' lang='lat' dir='ltr'><strong>sibi</strong></span> <span class='ocrx_word' id='word_1_584' title='bbox 1877 4250 2121 4320; x_wconf 85' lang='lat' dir='ltr'><strong>dignatus</strong></span> 
     </span>
    </p>
   </div>
   <div class='ocr_carea' id='block_1_67' title="bbox 544 4340 2121 4411">
    <p class='ocr_par' dir='ltr' id='par_1_67' title="bbox 544 4340 2121 4411">
     <span class='ocr_line' id='line_1_67' title="bbox 544 4340 2121 4411; baseline 0.003 -17"><span class='ocrx_word' id='word_1_585' title='bbox 544 4349 628 4395; x_wconf 91' lang='lat' dir='ltr'><strong>est</strong></span> <span class='ocrx_word' id='word_1_586' title='bbox 653 4342 966 4397; x_wconf 88' lang='lat' dir='ltr'><strong>consociare</strong></span> <span class='ocrx_word' id='word_1_587' title='bbox 991 4350 1255 4395; x_wconf 89' lang='lat' dir='ltr'><strong>naturam.</strong></span> <span class='ocrx_word' id='word_1_588' title='bbox 1288 4340 1432 4395; x_wconf 83' lang='lat' dir='ltr'><strong>Mitis</strong></span> <span class='ocrx_word' id='word_1_589' title='bbox 1461 4358 1592 4403; x_wconf 88' lang='lat' dir='ltr'><strong>sum,</strong></span> <span class='ocrx_word' id='word_1_590' title='bbox 1625 4341 1815 4411; x_wconf 90' lang='lat' dir='ltr'><strong>inquit,</strong></span> <span class='ocrx_word' id='word_1_591' title='bbox 1845 4351 1895 4396; x_wconf 87' lang='lat' dir='ltr'><strong>et</strong></span> <span class='ocrx_word' id='word_1_592' title='bbox 1919 4343 2121 4398; x_wconf 80' lang='lat' dir='ltr'><strong>humilis</strong></span> 
     </span>
    </p>
   </div>
   <div class='ocr_carea' id='block_1_68' title="bbox 545 4431 2123 4502">
    <p class='ocr_par' dir='ltr' id='par_1_68' title="bbox 545 4431 2123 4502">
     <span class='ocr_line' id='line_1_68' title="bbox 545 4431 2123 4502; baseline 0.001 -16"><span class='ocrx_word' id='word_1_593' title='bbox 545 4433 717 4488; x_wconf 77' lang='lat' dir='ltr'><strong>corde.</strong></span> <span class='ocrx_word' id='word_1_594' title='bbox 758 4431 935 4489; x_wconf 89' lang='lat' dir='ltr'><strong>Corde</strong></span> <span class='ocrx_word' id='word_1_595' title='bbox 969 4448 1029 4488; x_wconf 92' lang='lat' dir='ltr'><strong>se</strong></span> <span class='ocrx_word' id='word_1_596' title='bbox 1073 4447 1193 4487; x_wconf 88' lang='lat' dir='ltr'><strong>esse</strong></span> <span class='ocrx_word' id='word_1_597' title='bbox 1236 4432 1489 4486; x_wconf 89' lang='lat' dir='ltr'><strong>humilem</strong></span> <span class='ocrx_word' id='word_1_598' title='bbox 1530 4431 1785 4487; x_wconf 90' lang='lat' dir='ltr'><strong>Dominus</strong></span> <span class='ocrx_word' id='word_1_599' title='bbox 1823 4434 2123 4502; x_wconf 81' lang='lat' dir='ltr'><strong>proﬁtetur,</strong></span> 
     </span>
    </p>
   </div>
   <div class='ocr_carea' id='block_1_69' title="bbox 2219 3708 3794 3783">
    <p class='ocr_par' dir='ltr' id='par_1_69' title="bbox 2219 3708 3794 3783">
     <span class='ocr_line' id='line_1_69' title="bbox 2219 3708 3794 3783; baseline 0.003 -20"><span class='ocrx_word' id='word_1_600' title='bbox 2219 3708 2448 3764; x_wconf 81' lang='lat' dir='ltr'><strong>fossione</strong></span> <span class='ocrx_word' id='word_1_601' title='bbox 2494 3708 2723 3763; x_wconf 88' lang='lat' dir='ltr'><strong>nominis</strong></span> <span class='ocrx_word' id='word_1_602' title='bbox 2751 3708 2867 3778; x_wconf 86' lang='lat' dir='ltr'><strong>ejus</strong></span> <span class='ocrx_word' id='word_1_603' title='bbox 2894 3710 3043 3765; x_wconf 87' lang='lat' dir='ltr'><strong>beati</strong></span> <span class='ocrx_word' id='word_1_604' title='bbox 3086 3718 3351 3766; x_wconf 87' lang='lat' dir='ltr'><strong>tormenta</strong></span> <span class='ocrx_word' id='word_1_605' title='bbox 3380 3712 3649 3783; x_wconf 81' lang='lat' dir='ltr'><strong>martyrii.</strong></span> <span class='ocrx_word' id='word_1_606' title='bbox 3676 3710 3794 3768; x_wconf 63' lang='lat' dir='ltr'><strong>liae</strong></span> 
     </span>
    </p>
   </div>
   <div class='ocr_carea' id='block_1_70' title="bbox 2218 3800 3794 3869">
    <p class='ocr_par' dir='ltr' id='par_1_70' title="bbox 2218 3800 3794 3869">
     <span class='ocr_line' id='line_1_70' title="bbox 2218 3800 3794 3869; baseline 0 -11"><span class='ocrx_word' id='word_1_607' title='bbox 2218 3803 2394 3869; x_wconf 87' lang='lat' dir='ltr'><strong>nobis,</strong></span> <span class='ocrx_word' id='word_1_608' title='bbox 2420 3800 2632 3866; x_wconf 82' lang='lat' dir='ltr'><strong>fratres,</strong></span> <span class='ocrx_word' id='word_1_609' title='bbox 2660 3801 3013 3856; x_wconf 87' lang='lat' dir='ltr'><strong>saluberrima</strong></span> <span class='ocrx_word' id='word_1_610' title='bbox 3051 3802 3177 3857; x_wconf 77' lang='lat' dir='ltr'><strong>vitae</strong></span> <span class='ocrx_word' id='word_1_611' title='bbox 3222 3818 3387 3858; x_wconf 89' lang='lat' dir='ltr'><strong>onera</strong></span> <span class='ocrx_word' id='word_1_612' title='bbox 3416 3802 3668 3858; x_wconf 86' lang='lat' dir='ltr'><strong>Salvator</strong></span> <span class='ocrx_word' id='word_1_613' title='bbox 3694 3803 3794 3857; x_wconf 78' lang='lat' dir='ltr'><strong>im-</strong></span> 
     </span>
    </p>
   </div>
   <div class='ocr_carea' id='block_1_71' title="bbox 2218 3890 3796 3962">
    <p class='ocr_par' dir='ltr' id='par_1_71' title="bbox 2218 3890 3796 3962">
     <span class='ocr_line' id='line_1_71' title="bbox 2218 3890 3796 3962; baseline 0 -17"><span class='ocrx_word' id='word_1_614' title='bbox 2218 3892 2390 3961; x_wconf 85' lang='lat' dir='ltr'><strong>ponit,</strong></span> <span class='ocrx_word' id='word_1_615' title='bbox 2417 3905 2484 3944; x_wconf 90' lang='lat' dir='ltr'><strong>ne</strong></span> <span class='ocrx_word' id='word_1_616' title='bbox 2512 3890 2802 3945; x_wconf 82' lang='lat' dir='ltr'><strong>mortiferis</strong></span> <span class='ocrx_word' id='word_1_617' title='bbox 2842 3890 3025 3945; x_wconf 92' lang='lat' dir='ltr'><strong>mundi</strong></span> <span class='ocrx_word' id='word_1_618' title='bbox 3052 3891 3211 3961; x_wconf 82' lang='lat' dir='ltr'><strong>hujus</strong></span> <span class='ocrx_word' id='word_1_619' title='bbox 3247 3891 3576 3962; x_wconf 88' lang='lat' dir='ltr'><strong>ponderibus</strong></span> <span class='ocrx_word' id='word_1_620' title='bbox 3599 3893 3796 3948; x_wconf 83' lang='lat' dir='ltr'><strong>obrua-</strong></span> 
     </span>
    </p>
   </div>
   <div class='ocr_carea' id='block_1_72' title="bbox 2220 3977 3797 4050">
    <p class='ocr_par' dir='ltr' id='par_1_72' title="bbox 2220 3977 3797 4050">
     <span class='ocr_line' id='line_1_72' title="bbox 2220 3977 3797 4050; baseline 0 -17"><span class='ocrx_word' id='word_1_621' title='bbox 2220 3994 2358 4033; x_wconf 85' lang='lat' dir='ltr'><strong>mur.</strong></span> <span class='ocrx_word' id='word_1_622' title='bbox 2392 3977 2565 4045; x_wconf 85' lang='lat' dir='ltr'><strong>Atque</strong></span> <span class='ocrx_word' id='word_1_623' title='bbox 2606 3977 2726 4033; x_wconf 87' lang='lat' dir='ltr'><strong>ideo</strong></span> <span class='ocrx_word' id='word_1_624' title='bbox 2766 3977 3131 4033; x_wconf 88' lang='lat' dir='ltr'><strong>devotioribus</strong></span> <span class='ocrx_word' id='word_1_625' title='bbox 3169 3978 3359 4036; x_wconf 86' lang='lat' dir='ltr'><strong>studiis</strong></span> <span class='ocrx_word' id='word_1_626' title='bbox 3394 3980 3576 4050; x_wconf 85' lang='lat' dir='ltr'><strong>capita</strong></span> <span class='ocrx_word' id='word_1_627' title='bbox 3615 3987 3797 4035; x_wconf 75' lang='lat' dir='ltr'><strong>nostra</strong></span> 
     </span>
    </p>
   </div>
   <div class='ocr_carea' id='block_1_73' title="bbox 2216 4067 3796 4138">
    <p class='ocr_par' dir='ltr' id='par_1_73' title="bbox 2216 4067 3796 4138">
     <span class='ocr_line' id='line_1_73' title="bbox 2216 4067 3796 4138; baseline 0.004 -20"><span class='ocrx_word' id='word_1_628' title='bbox 2216 4070 2343 4138; x_wconf 80' lang='lat' dir='ltr'><strong>jugo</strong></span> <span class='ocrx_word' id='word_1_629' title='bbox 2363 4068 2667 4137; x_wconf 84' lang='lat' dir='ltr'><strong>evangelico</strong></span> <span class='ocrx_word' id='word_1_630' title='bbox 2688 4067 3079 4135; x_wconf 89' lang='lat' dir='ltr'><strong>submittamus,</strong></span> <span class='ocrx_word' id='word_1_631' title='bbox 3105 4069 3447 4138; x_wconf 84' lang='lat' dir='ltr'><strong>subjiciamns</strong></span> <span class='ocrx_word' id='word_1_632' title='bbox 3468 4079 3529 4124; x_wconf 87' lang='lat' dir='ltr'><strong>et</strong></span> <span class='ocrx_word' id='word_1_633' title='bbox 3545 4070 3796 4125; x_wconf 84' lang='lat' dir='ltr'><strong>humeros</strong></span> 
     </span>
    </p>
   </div>
   <div class='ocr_carea' id='block_1_74' title="bbox 2223 4162 3794 4223">
    <p class='ocr_par' dir='ltr' id='par_1_74' title="bbox 2223 4162 3794 4223">
     <span class='ocr_line' id='line_1_74' title="bbox 2223 4162 3794 4223; baseline -0.002 -6"><span class='ocrx_word' id='word_1_634' title='bbox 2223 4171 2434 4218; x_wconf 87' lang='lat' dir='ltr'><strong>nostros</strong></span> <span class='ocrx_word' id='word_1_635' title='bbox 2448 4163 2848 4218; x_wconf 86' lang='lat' dir='ltr'><strong>delectabilibus</strong></span> <span class='ocrx_word' id='word_1_636' title='bbox 2867 4170 3065 4217; x_wconf 64' lang='lat' dir='ltr'><strong>sancta;</strong></span> <span class='ocrx_word' id='word_1_637' title='bbox 3079 4162 3502 4218; x_wconf 87' lang='lat' dir='ltr'><strong>conversationis</strong></span> <span class='ocrx_word' id='word_1_638' title='bbox 3520 4163 3794 4223; x_wconf 79' lang='lat' dir='ltr'><strong>oneribus,</strong></span> 
     </span>
    </p>
   </div>
   <div class='ocr_carea' id='block_1_75' title="bbox 2220 4252 3797 4324">
    <p class='ocr_par' dir='ltr' id='par_1_75' title="bbox 2220 4252 3797 4324">
     <span class='ocr_line' id='line_1_75' title="bbox 2220 4252 3797 4324; baseline -0.004 -16"><span class='ocrx_word' id='word_1_639' title='bbox 2220 4262 2481 4324; x_wconf 79' lang='lat' dir='ltr'><strong>quatenus</strong></span> <span class='ocrx_word' id='word_1_640' title='bbox 2527 4254 2867 4322; x_wconf 88' lang='lat' dir='ltr'><strong>omnipotens</strong></span> <span class='ocrx_word' id='word_1_641' title='bbox 2911 4268 3011 4308; x_wconf 90' lang='lat' dir='ltr'><strong>nos</strong></span> <span class='ocrx_word' id='word_1_642' title='bbox 3054 4253 3195 4309; x_wconf 91' lang='lat' dir='ltr'><strong>Deus</strong></span> <span class='ocrx_word' id='word_1_643' title='bbox 3233 4262 3418 4308; x_wconf 86' lang='lat' dir='ltr'><strong>noster</strong></span> <span class='ocrx_word' id='word_1_644' title='bbox 3452 4268 3483 4307; x_wconf 92' lang='lat' dir='ltr'><strong>a</strong></span> <span class='ocrx_word' id='word_1_645' title='bbox 3511 4252 3797 4309; x_wconf 82' lang='lat' dir='ltr'><strong>durissimo</strong></span> 
     </span>
    </p>
   </div>
   <div class='ocr_carea' id='block_1_76' title="bbox 2220 4343 3797 4414">
    <p class='ocr_par' dir='ltr' id='par_1_76' title="bbox 2220 4343 3797 4414">
     <span class='ocr_line' id='line_1_76' title="bbox 2220 4343 3797 4414; baseline -0.004 -12"><span class='ocrx_word' id='word_1_646' title='bbox 2220 4344 2496 4402; x_wconf 77' lang='lat' dir='ltr'><strong>diabolica:</strong></span> <span class='ocrx_word' id='word_1_647' title='bbox 2521 4344 2841 4414; x_wconf 88' lang='lat' dir='ltr'><strong>captivitatis</strong></span> <span class='ocrx_word' id='word_1_648' title='bbox 2864 4343 2995 4413; x_wconf 90' lang='lat' dir='ltr'><strong>jugo</strong></span> <span class='ocrx_word' id='word_1_649' title='bbox 3030 4353 3087 4399; x_wconf 90' lang='lat' dir='ltr'><strong>et</strong></span> <span class='ocrx_word' id='word_1_650' title='bbox 3125 4343 3193 4398; x_wconf 91' lang='lat' dir='ltr'><strong>ab</strong></span> <span class='ocrx_word' id='word_1_651' title='bbox 3223 4357 3392 4398; x_wconf 90' lang='lat' dir='ltr'><strong>onere</strong></span> <span class='ocrx_word' id='word_1_652' title='bbox 3430 4343 3643 4398; x_wconf 77' lang='lat' dir='ltr'><strong>misera:</strong></span> <span class='ocrx_word' id='word_1_653' title='bbox 3678 4357 3797 4397; x_wconf 79' lang='lat' dir='ltr'><strong>ser-</strong></span> 
     </span>
    </p>
   </div>
   <div class='ocr_carea' id='block_1_77' title="bbox 2222 4433 3797 4499">
    <p class='ocr_par' dir='ltr' id='par_1_77' title="bbox 2222 4433 3797 4499">
     <span class='ocr_line' id='line_1_77' title="bbox 2222 4433 3797 4499; baseline -0.001 -12"><span class='ocrx_word' id='word_1_654' title='bbox 2222 4436 2406 4490; x_wconf 90' lang='lat' dir='ltr'><strong>vitutis</strong></span> <span class='ocrx_word' id='word_1_655' title='bbox 2421 4476 2435 4499; x_wconf 87' lang='lat'><strong>,</strong></span> <span class='ocrx_word' id='word_1_656' title='bbox 2460 4443 2520 4488; x_wconf 89' lang='lat' dir='ltr'><strong>ut</strong></span> <span class='ocrx_word' id='word_1_657' title='bbox 2546 4449 2674 4489; x_wconf 80' lang='lat' dir='ltr'><strong>vere</strong></span> <span class='ocrx_word' id='word_1_658' title='bbox 2696 4435 2867 4489; x_wconf 89' lang='lat' dir='ltr'><strong>bonus</strong></span> <span class='ocrx_word' id='word_1_659' title='bbox 2894 4441 2952 4488; x_wconf 91' lang='lat' dir='ltr'><strong>et</strong></span> <span class='ocrx_word' id='word_1_660' title='bbox 2977 4441 3038 4489; x_wconf 90' lang='lat' dir='ltr'><strong>ut</strong></span> <span class='ocrx_word' id='word_1_661' title='bbox 3058 4448 3185 4490; x_wconf 89' lang='lat' dir='ltr'><strong>vere</strong></span> <span class='ocrx_word' id='word_1_662' title='bbox 3207 4433 3350 4488; x_wconf 90' lang='lat' dir='ltr'><strong>mitis</strong></span> <span class='ocrx_word' id='word_1_663' title='bbox 3370 4447 3563 4488; x_wconf 75' lang='lat' dir='ltr'><strong>eruere</strong></span> <span class='ocrx_word' id='word_1_664' title='bbox 3581 4441 3638 4488; x_wconf 88' lang='lat' dir='ltr'><strong>et</strong></span> <span class='ocrx_word' id='word_1_665' title='bbox 3662 4433 3797 4486; x_wconf 64' lang='lat' dir='ltr'><strong>libe~</strong></span> 
     </span>
    </p>
   </div>
   <div class='ocr_carea' id='block_1_78' title="bbox 546 4520 2625 4593">
    <p class='ocr_par' dir='ltr' id='par_1_78' title="bbox 546 4520 2625 4593">
     <span class='ocr_line' id='line_1_78' title="bbox 546 4520 2625 4593; baseline 0 -17"><span class='ocrx_word' id='word_1_666' title='bbox 546 4523 663 4590; x_wconf 77' lang='lat' dir='ltr'><strong>quia</strong></span> <span class='ocrx_word' id='word_1_667' title='bbox 699 4522 785 4577; x_wconf 90' lang='lat' dir='ltr'><strong>illa</strong></span> <span class='ocrx_word' id='word_1_668' title='bbox 822 4537 949 4577; x_wconf 86' lang='lat' dir='ltr'><strong>vere</strong></span> <span class='ocrx_word' id='word_1_669' title='bbox 975 4521 1244 4576; x_wconf 87' lang='lat' dir='ltr'><strong>humilitas</strong></span> <span class='ocrx_word' id='word_1_670' title='bbox 1271 4529 1457 4575; x_wconf 86' lang='lat' dir='ltr'><strong>sancta</strong></span> <span class='ocrx_word' id='word_1_671' title='bbox 1486 4530 1586 4585; x_wconf 87' lang='lat' dir='ltr'><strong>est,</strong></span> <span class='ocrx_word' id='word_1_672' title='bbox 1613 4536 1731 4589; x_wconf 75' lang='lat' dir='ltr'><strong>qua:</strong></span> <span class='ocrx_word' id='word_1_673' title='bbox 1759 4522 1827 4576; x_wconf 86' lang='lat' dir='ltr'><strong>de</strong></span> <span class='ocrx_word' id='word_1_674' title='bbox 1855 4524 2114 4593; x_wconf 68' lang='lat' dir='ltr'><strong>religiosa:</strong></span> <span class='ocrx_word' id='word_1_675' title='bbox 2146 4520 2193 4579; x_wconf 84' lang='lat' dir='ltr'><strong>D</strong></span> <span class='ocrx_word' id='word_1_676' title='bbox 2220 4540 2337 4580; x_wconf 89' lang='lat' dir='ltr'><strong>rare</strong></span> <span class='ocrx_word' id='word_1_677' title='bbox 2362 4524 2625 4592; x_wconf 85' lang='lat' dir='ltr'><strong>dignetur.</strong></span> 
     </span>
    </p>
   </div>
   <div class='ocr_carea' id='block_1_79' title="bbox 1895 4657 2421 4722">
    <p class='ocr_par' dir='ltr' id='par_1_79' title="bbox 1895 4657 2421 4722">
     <span class='ocr_line' id='line_1_79' title="bbox 1895 4657 2421 4722; baseline 0.002 -6"><span class='ocrx_word' id='word_1_678' title='bbox 1895 4657 2164 4720; x_wconf 86' lang='lat' dir='ltr'><strong>SERMO</strong></span> <span class='ocrx_word' id='word_1_679' title='bbox 2203 4659 2421 4722; x_wconf 82' lang='lat' dir='ltr'><strong>CXIV.</strong></span> 
     </span>
    </p>
   </div>
   <div class='ocr_carea' id='block_1_80' title="bbox 823 4773 3495 4867">
    <p class='ocr_par' dir='ltr' id='par_1_80' title="bbox 823 4773 3495 4853">
     <span class='ocr_line' id='line_1_80' title="bbox 823 4773 3495 4853; baseline 0.002 -21"><span class='ocrx_word' id='word_1_680' title='bbox 823 4776 991 4847; x_wconf 83' lang='lat' dir='ltr'><strong>Super</strong></span> <span class='ocrx_word' id='word_1_681' title='bbox 1013 4775 1106 4830; x_wconf 90' lang='lat' dir='ltr'><strong>illa</strong></span> <span class='ocrx_word' id='word_1_682' title='bbox 1135 4773 1283 4830; x_wconf 80' lang='lat' dir='ltr'><strong>verba</strong></span> <span class='ocrx_word' id='word_1_683' title='bbox 1312 4774 1619 4847; x_wconf 81' lang='lat' dir='ltr'><strong>Evangelii:</strong></span> <span class='ocrx_word' id='word_1_684' title='bbox 1653 4774 1777 4841; x_wconf 82' lang='lat' dir='ltr'><strong>Quis</strong></span> <span class='ocrx_word' id='word_1_685' title='bbox 1805 4788 1954 4849; x_wconf 81' lang='lat' dir='ltr'><strong>putas</strong></span> <span class='ocrx_word' id='word_1_686' title='bbox 1983 4775 2151 4848; x_wconf 85' lang='lat' dir='ltr'><strong>major</strong></span> <span class='ocrx_word' id='word_1_687' title='bbox 2177 4778 2276 4833; x_wconf 88' lang='lat' dir='ltr'><strong>erit</strong></span> <span class='ocrx_word' id='word_1_688' title='bbox 2303 4782 2353 4836; x_wconf 84' lang='lat' dir='ltr'><strong>in</strong></span> <span class='ocrx_word' id='word_1_689' title='bbox 2372 4795 2525 4851; x_wconf 87' lang='lat' dir='ltr'><strong>regno</strong></span> <span class='ocrx_word' id='word_1_690' title='bbox 2547 4779 2824 4834; x_wconf 66' lang='lat' dir='ltr'><strong>oculorum?</strong></span> <span class='ocrx_word' id='word_1_691' title='bbox 2848 4788 2951 4836; x_wconf 91' lang='lat' dir='ltr'><strong>etc.</strong></span> <span class='ocrx_word' id='word_1_692' title='bbox 2980 4780 3172 4837; x_wconf 74' lang='lat' dir='ltr'><strong>Matth.</strong></span> <span class='ocrx_word' id='word_1_693' title='bbox 3203 4798 3319 4853; x_wconf 80' lang='lat' dir='ltr'><strong>cap.</strong></span> <span class='ocrx_word' id='word_1_694' title='bbox 3353 4800 3495 4839; x_wconf 64' lang='lat' dir='ltr'><strong>svnt.</strong></span> 
     </span>
    </p>
   </div>
   <div class='ocr_carea' id='block_1_81' title="bbox 1973 4886 2359 4944">
    <p class='ocr_par' dir='ltr' id='par_1_81' title="bbox 1973 4886 2359 4944">
     <span class='ocr_line' id='line_1_81' title="bbox 1973 4886 2359 4944; baseline 0.01 -4"><span class='ocrx_word' id='word_1_695' title='bbox 1973 4886 2359 4944; x_wconf 82' lang='lat' dir='ltr'><strong>ADMONITIO.</strong></span> 
     </span>
    </p>
   </div>
   <div class='ocr_carea' id='block_1_82' title="bbox 618 4996 3802 5074">
    <p class='ocr_par' dir='ltr' id='par_1_82' title="bbox 618 4996 3802 5074">
     <span class='ocr_line' id='line_1_82' title="bbox 618 4996 3802 5074; baseline 0.004 -25"><span class='ocrx_word' id='word_1_696' title='bbox 618 4996 676 5050; x_wconf 90' lang='lat' dir='ltr'><strong>In</strong></span> <span class='ocrx_word' id='word_1_697' title='bbox 719 4998 859 5052; x_wconf 87' lang='lat' dir='ltr'><strong>hunc</strong></span> <span class='ocrx_word' id='word_1_698' title='bbox 896 4998 1400 5074; x_wconf 38' lang='grc' dir='ltr'><strong>Ιξγ-ειιιεεξιὶἰ.[(ὶριμῐι⁵</strong></span> <span class='ocrx_word' id='word_1_699' title='bbox 1423 4998 1693 5074; x_wconf 72' lang='lat' dir='ltr'><strong>homilite,_</strong></span> <span class='ocrx_word' id='word_1_700' title='bbox 1720 4999 2121 5074; x_wconf 43' lang='lat' dir='ltr'><strong>cujushiuitium</strong></span> <span class='ocrx_word' id='word_1_701' title='bbox 2142 5010 2284 5074; x_wconf 84' lang='lat' dir='ltr'><strong>_est_:_</strong></span> <span class='ocrx_word' id='word_1_702' title='bbox 2311 5001 2373 5074; x_wconf 84' lang='lat' dir='ltr'><strong>Si</strong></span> <span class='ocrx_word' id='word_1_703' title='bbox 2400 5003 2673 5073; x_wconf 86' lang='lat' dir='ltr'><strong>diligenter</strong></span> <span class='ocrx_word' id='word_1_704' title='bbox 2711 5005 2928 5058; x_wconf 81' lang='lat' dir='ltr'><strong>audistis</strong></span> <span class='ocrx_word' id='word_1_705' title='bbox 2974 5007 3318 5074; x_wconf 77' lang='lat' dir='ltr'><strong>evangelicum</strong></span> <span class='ocrx_word' id='word_1_706' title='bbox 3345 5006 3636 5068; x_wconf 82' lang='lat' dir='ltr'><strong>lectionem.</strong></span> <span class='ocrx_word' id='word_1_707' title='bbox 3666 5018 3802 5074; x_wconf 87' lang='lat' dir='ltr'><strong>etc.,</strong></span> 
     </span>
    </p>
   </div>
   <div class='ocr_carea' id='block_1_83' title="bbox 549 5067 3803 5146">
    <p class='ocr_par' dir='ltr' id='par_1_83' title="bbox 549 5067 3803 5146">
     <span class='ocr_line' id='line_1_83' title="bbox 549 5067 3803 5146; baseline 0.001 -15"><span class='ocrx_word' id='word_1_708' title='bbox 549 5080 708 5146; x_wconf 60' lang='grc' dir='ltr'><strong>σιμιξτξι</strong></span> <span class='ocrx_word' id='word_1_709' title='bbox 738 5082 881 5120; x_wconf 76' lang='lat' dir='ltr'><strong>Ilum.</strong></span> <span class='ocrx_word' id='word_1_710' title='bbox 912 5067 1134 5146; x_wconf 54' lang='lat' dir='ltr'><strong>853cc].</strong></span> <span class='ocrx_word' id='word_1_711' title='bbox 1166 5067 1273 5146; x_wconf 74' lang='lat'><strong>2_8_5</strong></span> <span class='ocrx_word' id='word_1_712' title='bbox 1310 5068 1468 5146; x_wconf 73' lang='lat' dir='ltr'><strong>hujus</strong></span> <span class='ocrx_word' id='word_1_713' title='bbox 1495 5067 1781 5146; x_wconf 78' lang='lat' dir='ltr'><strong>voluminis</strong></span> <span class='ocrx_word' id='word_1_714' title='bbox 1813 5068 2096 5146; x_wconf 73' lang='lat' dir='ltr'><strong>edidimus,</strong></span> <span class='ocrx_word' id='word_1_715' title='bbox 2137 5070 2193 5125; x_wconf 88' lang='lat' dir='ltr'><strong>S.</strong></span> <span class='ocrx_word' id='word_1_716' title='bbox 2236 5067 2525 5146; x_wconf 66' lang='lat' dir='ltr'><strong>Maximum</strong></span> <span class='ocrx_word' id='word_1_717' title='bbox 2560 5082 2833 5146; x_wconf 78' lang='lat' dir='ltr'><strong>auctorem</strong></span> <span class='ocrx_word' id='word_1_718' title='bbox 2864 5089 2982 5146; x_wconf 86' lang='lat' dir='ltr'><strong>esse</strong></span> <span class='ocrx_word' id='word_1_719' title='bbox 3012 5067 3203 5131; x_wconf 65' lang='lat' dir='ltr'><strong>ibidem</strong></span> <span class='ocrx_word' id='word_1_720' title='bbox 3244 5076 3592 5146; x_wconf 79' lang='lat' dir='ltr'><strong>ostendimus.</strong></span> <span class='ocrx_word' id='word_1_721' title='bbox 3638 5067 3803 5146; x_wconf 68' lang='lat' dir='ltr'><strong>Igitur</strong></span> 
     </span>
    </p>
   </div>
   <div class='ocr_carea' id='block_1_84' title="bbox 549 5133 3807 5217">
    <p class='ocr_par' dir='ltr' id='par_1_84' title="bbox 549 5133 3807 5217">
     <span class='ocr_line' id='line_1_84' title="bbox 549 5133 3807 5217; baseline 0.006 -32"><span class='ocrx_word' id='word_1_722' title='bbox 549 5141 601 5217; x_wconf 46' lang='lat' dir='ltr'><strong>et</strong></span> <span class='ocrx_word' id='word_1_723' title='bbox 631 5133 717 5186; x_wconf 90' lang='lat' dir='ltr'><strong>hic</strong></span> <span class='ocrx_word' id='word_1_724' title='bbox 744 5148 922 5217; x_wconf 78' lang='lat' dir='ltr'><strong>sermo</strong></span> <span class='ocrx_word' id='word_1_725' title='bbox 950 5138 1124 5217; x_wconf 72' lang='lat' dir='ltr'><strong>cidem</strong></span> <span class='ocrx_word' id='word_1_726' title='bbox 1156 5133 1605 5217; x_wconf 74' lang='lat' dir='ltr'><strong>tribuendus_es_t_;</strong></span> <span class='ocrx_word' id='word_1_727' title='bbox 1636 5137 1792 5217; x_wconf 76' lang='lat' dir='ltr'><strong>quod</strong></span> <span class='ocrx_word' id='word_1_728' title='bbox 1812 5133 2090 5217; x_wconf 66' lang='lat' dir='ltr'><strong>homiliaru</strong></span> <span class='ocrx_word' id='word_1_729' title='bbox 2115 5156 2236 5217; x_wconf 85' lang='lat' dir='ltr'><strong>cum</strong></span> <span class='ocrx_word' id='word_1_730' title='bbox 2267 5141 2612 5217; x_wconf 76' lang='lat' dir='ltr'><strong>inscriptione</strong></span> <span class='ocrx_word' id='word_1_731' title='bbox 2639 5162 2652 5198; x_wconf 90' lang='lat'><strong>:</strong></span> <span class='ocrx_word' id='word_1_732' title='bbox 2686 5142 2818 5198; x_wconf 85' lang='lat' dir='ltr'><strong>Item</strong></span> <span class='ocrx_word' id='word_1_733' title='bbox 2858 5144 2994 5199; x_wconf 85' lang='lat' dir='ltr'><strong>unde</strong></span> <span class='ocrx_word' id='word_1_734' title='bbox 3028 5162 3206 5217; x_wconf 81' lang='lat' dir='ltr'><strong>supra,</strong></span> <span class='ocrx_word' id='word_1_735' title='bbox 3248 5146 3301 5200; x_wconf 90' lang='lat' dir='ltr'><strong>in</strong></span> <span class='ocrx_word' id='word_1_736' title='bbox 3342 5144 3561 5202; x_wconf 77' lang='lat' dir='ltr'><strong>laudato</strong></span> <span class='ocrx_word' id='word_1_737' title='bbox 3603 5133 3807 5217; x_wconf 63' lang='lat' dir='ltr'><strong>ibidem</strong></span> 
     </span>
    </p>
   </div>
   <div class='ocr_carea' id='block_1_85' title="bbox 550 5206 3781 5279">
    <p class='ocr_par' dir='ltr' id='par_1_85' title="bbox 550 5206 3781 5279">
     <span class='ocr_line' id='line_1_85' title="bbox 550 5206 3781 5279; baseline 0.006 -24"><span class='ocrx_word' id='word_1_738' title='bbox 550 5206 895 5257; x_wconf 84' lang='lat' dir='ltr'><strong>Casanatensi</strong></span> <span class='ocrx_word' id='word_1_739' title='bbox 920 5207 1103 5263; x_wconf 88' lang='lat' dir='ltr'><strong>codice</strong></span> <span class='ocrx_word' id='word_1_740' title='bbox 1131 5216 1407 5279; x_wconf 87' lang='lat' dir='ltr'><strong>sequatur,</strong></span> <span class='ocrx_word' id='word_1_741' title='bbox 1436 5207 1701 5277; x_wconf 89' lang='lat' dir='ltr'><strong>similique</strong></span> <span class='ocrx_word' id='word_1_742' title='bbox 1729 5207 1798 5263; x_wconf 88' lang='lat' dir='ltr'><strong>sit</strong></span> <span class='ocrx_word' id='word_1_743' title='bbox 1825 5207 2090 5263; x_wconf 88' lang='lat' dir='ltr'><strong>scribendi</strong></span> <span class='ocrx_word' id='word_1_744' title='bbox 2119 5211 2328 5266; x_wconf 86' lang='lat' dir='ltr'><strong>ratione</strong></span> <span class='ocrx_word' id='word_1_745' title='bbox 2357 5206 2654 5267; x_wconf 72' lang='lat' dir='ltr'><strong>cohfectus.</strong></span> <span class='ocrx_word' id='word_1_746' title='bbox 3090 5206 3102 5217; x_wconf 88' lang='grc'><em>”</em></span> <span class='ocrx_word' id='word_1_747' title='bbox 3194 5206 3201 5211; x_wconf 73' lang='grc'><em>’</em></span> <span class='ocrx_word' id='word_1_748' title='bbox 3774 5216 3781 5223; x_wconf 82' lang='grc'><strong><em>’</em></strong></span> 
     </span>
    </p>
   </div>
   <div class='ocr_carea' id='block_1_86' title="bbox 552 5361 2121 5435">
    <p class='ocr_par' dir='ltr' id='par_1_86' title="bbox 552 5361 2121 5435">
     <span class='ocr_line' id='line_1_86' title="bbox 552 5361 2121 5435; baseline 0.001 -20"><span class='ocrx_word' id='word_1_749' title='bbox 552 5361 1235 5435; x_wconf 62' lang='lat' dir='ltr'><strong>Ancununr_uu.—Statuto</strong></span> <span class='ocrx_word' id='word_1_750' title='bbox 1262 5369 1316 5420; x_wconf 87' lang='lat' dir='ltr'><strong>in</strong></span> <span class='ocrx_word' id='word_1_751' title='bbox 1346 5366 1512 5420; x_wconf 82' lang='lat' dir='ltr'><strong>medio</strong></span> <span class='ocrx_word' id='word_1_752' title='bbox 1534 5380 1709 5435; x_wconf 86' lang='lat' dir='ltr'><strong>puero,</strong></span> <span class='ocrx_word' id='word_1_753' title='bbox 1742 5362 1991 5435; x_wconf 83' lang='lat' dir='ltr'><strong>Dominus</strong></span> <span class='ocrx_word' id='word_1_754' title='bbox 2017 5365 2121 5418; x_wconf 82' lang='lat' dir='ltr'><strong>ruit</strong></span> 
     </span>
    </p>
   </div>
   <div class='ocr_carea' id='block_1_87' title="bbox 621 5431 2120 5499">
    <p class='ocr_par' dir='ltr' id='par_1_87' title="bbox 621 5431 2120 5499">
     <span class='ocr_line' id='line_1_87' title="bbox 621 5431 2120 5499; baseline 0.003 -16"><span class='ocrx_word' id='word_1_755' title='bbox 621 5440 676 5483; x_wconf 83' lang='lat' dir='ltr'><strong>ut</strong></span> <span class='ocrx_word' id='word_1_756' title='bbox 712 5431 868 5485; x_wconf 85' lang='lat' dir='ltr'><strong>simili</strong></span> <span class='ocrx_word' id='word_1_757' title='bbox 896 5434 1128 5499; x_wconf 73' lang='lat' dir='ltr'><strong>exemplo</strong></span> <span class='ocrx_word' id='word_1_758' title='bbox 1166 5436 1276 5488; x_wconf 86' lang='lat' dir='ltr'><strong>sine</strong></span> <span class='ocrx_word' id='word_1_759' title='bbox 1302 5435 1503 5490; x_wconf 86' lang='lat' dir='ltr'><strong>malitia</strong></span> <span class='ocrx_word' id='word_1_760' title='bbox 1534 5431 1595 5489; x_wconf 73' lang='lat' dir='ltr'><strong>et</strong></span> <span class='ocrx_word' id='word_1_761' title='bbox 1626 5436 1737 5489; x_wconf 84' lang='lat' dir='ltr'><strong>sine</strong></span> <span class='ocrx_word' id='word_1_762' title='bbox 1777 5434 1895 5489; x_wconf 83' lang='lat' dir='ltr'><strong>dolo</strong></span> <span class='ocrx_word' id='word_1_763' title='bbox 1932 5436 1986 5488; x_wconf 87' lang='lat' dir='ltr'><strong>in</strong></span> <span class='ocrx_word' id='word_1_764' title='bbox 2019 5451 2120 5488; x_wconf 82' lang='lat' dir='ltr'><strong>sa:-</strong></span> 
     </span>
    </p>
   </div>
   <div class='ocr_carea' id='block_1_88' title="bbox 619 5501 2119 5574">
    <p class='ocr_par' dir='ltr' id='par_1_88' title="bbox 619 5501 2119 5574">
     <span class='ocr_line' id='line_1_88' title="bbox 619 5501 2119 5574; baseline 0.003 -22"><span class='ocrx_word' id='word_1_765' title='bbox 619 5501 733 5574; x_wconf 77' lang='lat' dir='ltr'><strong>culo</strong></span> <span class='ocrx_word' id='word_1_766' title='bbox 760 5502 997 5574; x_wconf 65' lang='lat' dir='ltr'><strong>prursenti</strong></span> <span class='ocrx_word' id='word_1_767' title='bbox 1028 5502 1267 5574; x_wconf 63' lang='lat' dir='ltr'><strong>vincimus.</strong></span> <span class='ocrx_word' id='word_1_768' title='bbox 1302 5503 1624 5559; x_wconf 70' lang='lat' dir='ltr'><strong>Patriarchaa</strong></span> <span class='ocrx_word' id='word_1_769' title='bbox 1649 5515 1697 5558; x_wconf 88' lang='lat' dir='ltr'><strong>et</strong></span> <span class='ocrx_word' id='word_1_770' title='bbox 1724 5504 1943 5574; x_wconf 77' lang='lat' dir='ltr'><strong>apostoli</strong></span> <span class='ocrx_word' id='word_1_771' title='bbox 1976 5504 2119 5572; x_wconf 86' lang='lat' dir='ltr'><strong>pueri</strong></span> 
     </span>
    </p>
   </div>
   <div class='ocr_carea' id='block_1_89' title="bbox 622 5568 2118 5644">
    <p class='ocr_par' dir='ltr' id='par_1_89' title="bbox 622 5568 2118 5644">
     <span class='ocr_line' id='line_1_89' title="bbox 622 5568 2118 5644; baseline 0.001 -21"><span class='ocrx_word' id='word_1_772' title='bbox 622 5586 655 5644; x_wconf 67' lang='grc' dir='ltr'>ᾳ</span> <span class='ocrx_word' id='word_1_773' title='bbox 693 5568 913 5644; x_wconf 73' lang='lat' dir='ltr'><strong>Damino</strong></span> <span class='ocrx_word' id='word_1_774' title='bbox 930 5570 1300 5644; x_wconf 79' lang='lat' dir='ltr'><strong>_appellautur,</strong></span> <span class='ocrx_word' id='word_1_775' title='bbox 1338 5590 1551 5642; x_wconf 84' lang='lat' dir='ltr'><strong>quarunt</strong></span> <span class='ocrx_word' id='word_1_776' title='bbox 1597 5568 2118 5644; x_wconf 52' lang='lat' dir='ltr'><strong>exemplumiu&#39;titari</strong></span> 
     </span>
    </p>
   </div>
   <div class='ocr_carea' id='block_1_90' title="bbox 2288 5368 3806 5492">
    <p class='ocr_par' dir='ltr' id='par_1_90' title="bbox 2288 5368 3806 5492">
     <span class='ocr_line' id='line_1_90' title="bbox 2288 5368 3806 5492; baseline 0.003 -70"><span class='ocrx_word' id='word_1_777' title='bbox 2288 5368 2591 5492; x_wconf 53' lang='lat' dir='ltr'><strong>iaztdalum</strong></span> <span class='ocrx_word' id='word_1_778' title='bbox 2613 5370 2943 5439; x_wconf 77' lang='lat' dir='ltr'><strong>facientium;</strong></span> <span class='ocrx_word' id='word_1_779' title='bbox 2966 5369 3319 5424; x_wconf 76' lang='lat' dir='ltr'><strong>hazretirorum</strong></span> <span class='ocrx_word' id='word_1_780' title='bbox 3339 5373 3634 5440; x_wconf 83' lang='lat' dir='ltr'><strong>cumprimis</strong></span> <span class='ocrx_word' id='word_1_781' title='bbox 3655 5382 3806 5441; x_wconf 74' lang='lat' dir='ltr'><strong>atque</strong></span> 
     </span>
     <span class='ocr_line' id='line_1_91' title="bbox 2327 5455 2607 5492; baseline 0.004 -1"><span class='ocrx_word' id='word_1_782' title='bbox 2327 5456 2357 5491; x_wconf 90' lang='lat' dir='ltr'><strong>u</strong></span> <span class='ocrx_word' id='word_1_783' title='bbox 2398 5455 2607 5492; x_wconf 72' lang='lat' dir='ltr'><strong>morum.</strong></span> 
     </span>
    </p>
   </div>
   <div class='ocr_carea' id='block_1_91' title="bbox 2327 5455 2607 5495">
    <p class='ocr_par' dir='ltr' id='par_1_91' title="bbox 2327 5455 2607 5495">
     <span class='ocr_line' id='line_1_92' title="bbox 2327 5455 2607 5495; baseline 0.007 -4"><span class='ocrx_word' id='word_1_784' title='bbox 2327 5455 2607 5495; x_wconf 73' lang='lat' dir='ltr'><strong>uaa&#39;orum.</strong></span> 
     </span>
    </p>
   </div>
   <div class='ocr_carea' id='block_1_92' title="bbox 2292 5549 3803 5619">
    <p class='ocr_par' dir='ltr' id='par_1_92' title="bbox 2292 5549 3803 5619">
     <span class='ocr_line' id='line_1_93' title="bbox 2292 5549 3803 5619; baseline -0.002 -15"><span class='ocrx_word' id='word_1_785' title='bbox 2292 5550 2601 5618; x_wconf 86' lang='lat' dir='ltr'><strong>lgnorantes</strong></span> <span class='ocrx_word' id='word_1_786' title='bbox 2628 5549 2802 5605; x_wconf 87' lang='lat' dir='ltr'><strong>adhuc</strong></span> <span class='ocrx_word' id='word_1_787' title='bbox 2829 5549 3070 5618; x_wconf 82' lang='lat' dir='ltr'><strong>discipuli</strong></span> <span class='ocrx_word' id='word_1_788' title='bbox 3106 5558 3303 5617; x_wconf 87' lang='lat' dir='ltr'><strong>quanta</strong></span> <span class='ocrx_word' id='word_1_789' title='bbox 3338 5559 3481 5605; x_wconf 82' lang='lat' dir='ltr'><strong>esset</strong></span> <span class='ocrx_word' id='word_1_790' title='bbox 3509 5549 3674 5619; x_wconf 84' lang='lat' dir='ltr'><strong>gloria</strong></span> <span class='ocrx_word' id='word_1_791' title='bbox 3700 5549 3803 5602; x_wconf 86' lang='lat' dir='ltr'><strong>bu-</strong></span> 
     </span>
    </p>
   </div>
   <div class='ocr_carea' id='block_1_93' title="bbox 623 5636 3833 5712">
    <p class='ocr_par' dir='ltr' id='par_1_93' title="bbox 623 5636 3833 5712">
     <span class='ocr_line' id='line_1_94' title="bbox 623 5636 3833 5712; baseline -0.001 -19"><span class='ocrx_word' id='word_1_792' title='bbox 623 5636 872 5695; x_wconf 74' lang='lat' dir='ltr'><strong>debemus.</strong></span> <span class='ocrx_word' id='word_1_793' title='bbox 917 5636 998 5694; x_wconf 78' lang='lat' dir='ltr'><strong>De</strong></span> <span class='ocrx_word' id='word_1_794' title='bbox 1025 5636 1179 5694; x_wconf 53' lang='lat' dir='ltr'><strong>&#39;mola</strong></span> <span class='ocrx_word' id='word_1_795' title='bbox 1219 5636 1451 5695; x_wconf 76' lang='lat' dir='ltr'><strong>asinaria</strong></span> <span class='ocrx_word' id='word_1_796' title='bbox 1490 5636 1848 5710; x_wconf 67' lang='lat' dir='ltr'><strong>suspendenda</strong></span> <span class='ocrx_word' id='word_1_797' title='bbox 1892 5642 1943 5696; x_wconf 87' lang='lat' dir='ltr'><strong>in</strong></span> <span class='ocrx_word' id='word_1_798' title='bbox 1989 5643 2119 5698; x_wconf 73' lang='lat' dir='ltr'><strong>callo</strong></span> <span class='ocrx_word' id='word_1_799' title='bbox 2221 5641 2477 5701; x_wconf 85' lang='lat' dir='ltr'><strong>militatis.</strong></span> <span class='ocrx_word' id='word_1_800' title='bbox 2507 5639 2573 5695; x_wconf 90' lang='lat' dir='ltr'><strong>de</strong></span> <span class='ocrx_word' id='word_1_801' title='bbox 2605 5639 2779 5694; x_wconf 87' lang='lat' dir='ltr'><strong>meriti</strong></span> <span class='ocrx_word' id='word_1_802' title='bbox 2813 5640 2896 5695; x_wconf 88' lang='lat' dir='ltr'><strong>sui</strong></span> <span class='ocrx_word' id='word_1_803' title='bbox 2928 5639 3008 5695; x_wconf 84' lang='lat' dir='ltr'><strong>vel</strong></span> <span class='ocrx_word' id='word_1_804' title='bbox 3039 5639 3263 5695; x_wconf 84' lang='lat' dir='ltr'><strong>honoris</strong></span> <span class='ocrx_word' id='word_1_805' title='bbox 3293 5639 3598 5712; x_wconf 57' lang='lat' dir='ltr'><strong>(tralatione</strong></span> <span class='ocrx_word' id='word_1_806' title='bbox 3625 5646 3833 5694; x_wconf 40' lang='lat' dir='ltr'><strong>certat</strong></span> 
     </span>
    </p>
   </div>
  </div>
