4054 6194
225 354 332 414 757

1616 346 1842 404 ΞΕῙὶΜΟ
1880 344 2033 404 CXIV
2045 389 2056 402 .

3374 361 3491 418 ’ἓξὶῦ

225 469 377 529 bant,
409 466 648 522 dicentes
674 465 742 519 ad
770 463 1050 520 Dominum
1081 483 1092 517 :
1125 461 1250 528 Quis
1288 473 1436 534 putas
1467 464 1633 533 major
1652 471 1728 515 est
1750 462 1804 514 in
1832 464 1881 519 A
1909 460 2021 530 ejus
2049 458 2200 529 (lsai.
2232 457 2326 529 Ix).
2361 457 2486 513 huic
2514 472 2745 527 namque
2772 458 2934 514 etiam
2956 455 3054 512 SS.
3087 457 3401 526 patriarchae
3427 471 3477 515 ci

224 570 389 624 regno
417 555 655 606 certorum
685 551 895 623 (Matt/1.
924 553 1104 621 xvm)?
1124 551 1532 606 Contentionem
1561 549 1808 618 discipuli

224 640 502 694 habebant
539 640 658 708 quis
697 637 868 706 major
904 647 1046 694 esset
1083 640 1136 693 in
1175 654 1340 708 regno
1379 640 1654 700 caelorum,
1682 653 1805 692 cum

226 728 350 784 sine
372 729 534 782 dubio
564 729 700 796 apud
735 728 898 780 Deum
929 729 1016 782 ille
1044 729 1216 798 major
1240 729 1496 784 habeatur
1515 730 1602 797 qui
1625 728 1804 782 humi-

225 820 336 874 lior
362 820 542 886 fuerit,
572 821 780 875 dicente
806 821 921 889 ipso
945 839 957 872 :
985 819 1085 884 Qui
1109 838 1164 875 se
1181 821 1482 875 exattaverit
1508 821 1805 874 humiliabi-

227 920 333 975 tur,
351 919 401 963 et
415 911 496 980 qui
517 927 571 963 se
591 911 926 964 humiliaverit
945 911 1256 964 excitabitur
1271 911 1350 982 (Μ
1353 911 1480 964 attlt.
1501 911 1673 982 χχιιι).
1690 909 1802 964 Un-

223 1001 298 1055 de
327 1017 430 1055 non
460 1001 726 1056 immerito
752 1001 816 1055 ad
844 1001 1219 1071 amputandam
1248 1001 1549 1071 hujusmodi
1574 1001 1804 1071 discipu-

223 1091 404 1146 lorum
431 1108 649 1147 suorum
671 1110 776 1148 non
803 1094 1157 1148 necessariam
1180 1095 1576 1149 contentionem
1589 1112 1605 1148 ,ε
1633 1093 1801 1148 Vaca-

225 1182 322 1245 rit,
355 1182 539 1251 inquit,
571 1183 720 1236 Jesus
753 1199 980 1252 puerum,
1010 1191 1059 1236 et
1088 1185 1264 1236 statuit
1291 1200 1405 1237 eum
1433 1184 1484 1238 in
1514 1185 1682 1244 medio
1716 1202 1805 1239 eo-

222 1291 346 1329 rum
373 1285 420 1328 ct
448 1274 576 1328 dixit
596 1292 614 1328 :
645 1275 804 1330 Amen
828 1275 941 1329 dico
962 1277 1246 1337 robis,misi
1273 1277 1503 1330 conversi
1533 1278 1732 1346 [ueritis
1753 1285 1802 1330 et

222 1368 532 1435 efﬁciuntini
560 1367 690 1420 sicut
709 1368 872 1434 pueri,
901 1385 1002 1422 non
1022 1369 1281 1422 intrabitis
1304 1370 1358 1421 in
1377 1384 1532 1438 regno
1563 1369 1802 1422 actorum

225 1457 446 1525 (Matth.
473 1459 639 1527 xvm).
673 1458 883 1514 Statuto
914 1461 964 1514 in
1002 1461 1178 1515 medio
1205 1476 1372 1530 puero
1401 1461 1467 1516 ad
1495 1462 1799 1531 exemplum

225 1549 398 1616 ipsius
423 1547 680 1604 Dominus
700 1549 983 1619 discipulos
1002 1550 1330 1615 adhortatur,
1355 1552 1640 1607 ostendens
1659 1553 1802 1621 quod

220 1639 270 1692 si
291 1639 651 1708 unusquisque
674 1641 811 1693 sicut
827 1655 954 1708 puer
973 1639 1193 1696 effectus
1207 1657 1314 1695 non
1339 1640 1514 1703 fuerit,
1534 1642 1731 1695 intrare
1747 1643 1798 1696 in

221 1743 450 1797 regnum
473 1730 727 1784 ccelorum
752 1746 857 1784 non
878 1730 1061 1799 possit.
1081 1730 1185 1785 Sed
1207 1745 1312 1785 non
1329 1731 1524 1785 idcirco
1546 1731 1800 1786 Dominus

1907 548 2136 616 apostoli
2165 563 2195 601 a
2236 547 2459 602 Domino
2506 547 2657 617 pueri
2686 547 2976 618 nuncupati
3001 553 3158 611 sunt,
3187 545 3483 602 secundum

1904 637 2048 708 quod
2089 639 2346 708 scriptum
2375 639 2441 692 de
2470 640 2599 708 ipsis
2643 638 2866 708 legimus
2897 656 2910 690 :
2942 636 3076 691 Ecce
3111 654 3203 708 ego
3245 646 3297 691 et
3331 644 3496 707 pueri,

1903 748 2029 802 quos
2063 731 2202 784 dedit
2249 732 2373 785 mihi
2420 730 2668 785 Dominus
2702 729 2855 800 (Isai.
2884 729 3026 800 Vill),
3057 731 3178 797 quia
3221 735 3493 797 tanquam

1903 822 2055 892 pueri
2085 822 2198 876 sine
2223 821 2366 884 dolo,
2391 823 2505 876 sine
2527 823 2725 904 malitia
2753 827 3178 892 permanserunt.
3202 819 3473 873 imitemur

1904 911 2064 980 igitur
2092 912 2390 980 hujusmodi
2423 928 2708 982 puerorum
2738 912 3058 982 exemplum,
3114 911 3167 966 id
3219 918 3301 965 est
3353 927 3469 965 ()III-

1903 1003 2050 1056 nium
2074 1009 2408 1068 sanctorum,
2435 1011 2492 1056 ut
2521 1005 2572 1056 in
2628 1017 2792 1070 regno
2821 1003 3077 1056 caelorum
3117 1001 3316 1056 intrare
3350 1015 3474 1056 cum

1903 1093 2030 1162 ipsis
2057 1108 2374 1146 mereamur.
2396 1093 2668 1147 Imitemur
2684 1093 2848 1162 ipsius
2865 1091 3072 1146 Domini
3094 1091 3483 1156 humilitatem,

1902 1185 1994 1253 qui
2022 1185 2204 1239 salutis
2233 1193 2429 1239 nostrae
2458 1200 2620 1238 causa
2662 1199 2794 1254 puer
2815 1199 2932 1239 esse
2960 1183 3233 1250 dignatus,
3266 1191 3324 1236 ut
3351 1197 3469 1236 cum

1903 1277 2018 1346 ipso
2041 1290 2265 1344 regnare
2285 1279 2448 1347 690
2475 1277 2760 1346 possimus.
2796 1275 2859 1328 Et
2889 1277 3080 1330 merito
3103 1275 3305 1330 addidit
3329 1293 3340 1326 :
3368 1270 3485 1339 Qui-

1901 1376 2068 1420 autem
2108 1369 2293 1437 accipit
2322 1384 2482 1421 unum
2531 1367 2687 1420 talem
2726 1385 2937 1437 puerum
2975 1366 3029 1420 in
3074 1366 3281 1419 nomine
3315 1381 3425 1418 meo
3450 1402 3484 1428 ,.

1902 1474 1981 1510 me
2000 1457 2214 1526 accipit;
2246 1456 2532 1512 ostendens
2559 1456 2702 1525 quod
2728 1457 3033 1526 quicunque
3060 1471 3271 1511 servum
3303 1452 3470 1507 ﬁdeli-

1903 1556 1984 1602 ter
2005 1548 2312 1604 credentem
2341 1549 2393 1602 in
2439 1547 2672 1610 Christo,
2703 1557 2760 1602 et
2802 1547 3092 1602 secundum
3133 1546 3283 1615 pueri
3313 1545 3471 1598 inno-

1902 1641 2129 1692 centiam
2159 1640 2424 1694 viventem
2463 1640 2697 1708 recepit,
2723 1655 2781 1693 se
2819 1639 3058 1707 recipiat.
3091 1638 3148 1692 ln
3171 1636 3322 1706 cujus
3347 1651 3470 1690 sus-

1899 1730 2148 1797 ceptione
2175 1729 2374 1784 idcirco
2402 1745 2460 1784 se
2488 1731 2652 1799 recipi
2676 1729 2931 1784 Dominus
2959 1728 3113 1790 dixit,
3148 1742 3216 1781 ne
3237 1728 3468 1796 aliquem

220 1820 532 1889 exemplum
560 1835 847 1889 puerorum
880 1821 1076 1884 attulit,
1108 1821 1190 1875 vel
1220 1821 1340 1876 ideo
1375 1820 1514 1875 efﬁci
1552 1837 1651 1876 nos
1681 1832 1795 1876 tan-
1829 1810 1874 1868 Β
1901 1820 2203 1886 hujusmodi
2232 1836 2444 1875 servum
2469 1821 2562 1874 Dei
2591 1822 2863 1875 humiliter
2891 1821 3158 1875 viventem
3187 1828 3472 1888 eontemp-

215 1923 388 1977 quam
428 1925 622 1977 pueros
647 1908 816 1977 jubet,
850 1917 908 1964 ut
933 1918 1089 1964 aetate
1118 1911 1297 1980 pueris
1333 1911 1646 1979 similemur,
1677 1929 1795 1968 cum

215 2003 391 2070 633
418 2011 546 2054 tetas
565 2001 674 2069 jam
695 2003 873 2057 senior
897 2018 1106 2057 rursum
1130 2004 1194 2058 ad
1217 2003 1468 2057 infantem
1493 2005 1666 2058 redire
1693 2023 1795 2060 non

216 2091 424 2159 possit;
472 2091 568 2146 sed
611 2100 670 2146 ut
716 2092 994 2148 infantiam
1040 2109 1330 2162 puerorum
1355 2104 1408 2148 et
1438 2096 1796 2150 innocentiam

219 2181 516 2236 imitemur.
560 2181 715 2237 Novit
775 2185 963 2238 beatus
1015 2185 1303 2254 Apostolus
1350 2186 1796 2254 quemadmodum

219 2271 379 2338 pueri
411 2287 526 2325 esse
573 2288 601 2324 a
646 2273 870 2328 Domino
893 2273 1177 2342 jubeamur
1222 2291 1343 2330 cum
1399 2275 1526 2329 dicit
1563 2294 1574 2328 :
1622 2274 1800 2330 Nolite

217 2363 372 2430 pncri
400 2364 526 2432 eﬂici
547 2365 796 2429 sensibus,
826 2365 917 2418 sed
939 2366 1139 2418 malitia
1166 2367 1362 2435 parvuli
1389 2375 1566 2430 estote,
1597 2376 1652 2419 ut
1683 2383 1799 2420 sen-

216 2452 365 2505 sibus
386 2457 596 2522 perfecti
617 2457 729 2508 sitis
759 2456 774 2525 (
798 2455 824 2508 I
851 2455 968 2510 Cor.
996 2459 1125 2526 xw).
1150 2456 1288 2511 Puer
1317 2459 1458 2511 enim
1489 2458 1572 2512 vel
1602 2474 1795 2527 parvu-

219 2543 309 2596 lus
340 2544 597 2597 malitiam
633 2546 811 2599 s'eculi
851 2562 957 2600 non
988 2547 1154 2612 novit,
1188 2556 1470 2615 peccatum
1499 2548 1674 2603 facere
1704 2564 1798 2602 nc-

215 2633 343 2694 :cEt,
377 2635 622 2701 proximo
652 2636 847 2690 malum
879 2653 987 2692 non
1013 2647 1284 2707 operatur,
1319 2639 1447 2692 iram
1479 2657 1585 2694 non
1628 2649 1794 2703 tenet,

219 2723 502 2777 neminem
529 2724 659 2787 odit,
710 2725 919 2780 divitias
966 2742 1072 2781 non
1114 2729 1330 2796 quierit,
1363 2729 1586 2797 gloriam
1616 2730 1795 2784 mundi

220 2812 392 2879 ipsius
421 2830 530 2867 non
555 2815 792 2882 miratur,
833 2826 1035 2887 patrem
1058 2834 1267 2889 semper
1285 2822 1544 2888 sequitur,
1576 2838 1603 2874 a
1627 2830 1797 2877 matre

221 2923 334 2960 non
374 2909 596 2979 recedit.
629 2910 740 2966 Hac
784 2927 911 2980 ergo
951 2913 1019 2968 de
1063 2929 1222 2970 causa
1251 2915 1364 2969 vult
1402 2931 1498 2970 nos
1541 2915 1797 2972 Dominus

219 3008 482 3068 tanquam
510 3017 703 3070 pueros
729 3003 884 3070 efﬁci,
910 3014 968 3059 ut
993 3007 1150 3060 simili
1181 3009 1424 3076 exemplo
1452 3009 1565 3062 sine
1595 3009 1796 3064 malitia

219 3096 278 3140 ct
309 3089 426 3143 sine
455 3089 578 3145 dolo
609 3093 664 3146 in
705 3095 898 3148 saeculo
939 3097 1185 3165 praesenti
1214 3097 1471 3152 vivamus.
1506 3097 1794 3158 Peccatum

221 3179 513 3245 fugiamus.
538 3182 732 3238 malum
763 3186 1007 3254 proximo
1036 3202 1142 3242 non
1172 3203 1492 3257 operemur;
1534 3189 1667 3243 iram
1689 3206 1795 3244 non
1826 3170 1870 3233 C

222 3281 532 3336 teneamus,
565 3291 670 3330 non
699 3276 927 3341 divitias,
959 3294 1065 3333 non
1094 3279 1314 3347 gloriam
1353 3282 1530 3336 saeculi
1559 3283 1800 3351 requira-

221 3378 369 3417 mus.
404 3361 617 3420 Patrem
665 3382 873 3437 semper
901 3383 1205 3436 sequamur,
1252 3370 1303 3423 id
1327 3377 1408 3424 est
1437 3371 1624 3438 Deum,
1652 3372 1802 3440 cujus

223 3453 322 3506 filii
357 3470 454 3522 per
475 3455 812 3525 adoptionem
838 3472 956 3512 esse
979 3458 1091 3527 jam
1135 3461 1413 3529 cmpimus,
1440 3478 1467 3514 a
1499 3470 1669 3517 matre
1695 3479 1797 3518 non

222 3544 570 3613 recedamus,
592 3546 643 3600 id
691 3556 772 3602 est
804 3549 870 3602 ab
899 3548 1151 3614 Ecclesia,
1185 3567 1280 3619 per
1303 3568 1460 3621 quam
1501 3553 1612 3607 Deo
1643 3555 1801 3623 spiri—

223 3635 451 3688 tualitcr
470 3638 581 3689 nati
609 3654 807 3693 sumus.
835 3639 890 3693 In
913 3640 1068 3708 hujus
1091 3643 1275 3695 matris
1296 3645 1516 3709 gremio,
1552 3652 1801 3715 tanquam

225 3745 235 3793 ι
264 3727 444 3780 arvuli
475 3729 591 3781 sinu
621 3731 785 3798 patris
813 3732 1026 3801 proprie
1065 3735 1338 3788 constituti
1383 3737 1796 3804 requiescamus.

222 3815 404 3884 liujus
430 3817 624 3872 salubri
669 3819 909 3875 doctrina
939 3823 1175 3890 quotidie
1221 3824 1615 3893 denutriamur,
1645 3836 1701 3881 ut
1750 3828 1802 3882 in

224 3909 335 3962 fide
392 3917 447 3962 et
491 3910 658 3976 gratia
700 3911 948 3981 baptismi
977 3928 1304 3982 crescamus;
1337 3918 1624 3973 secundum
1659 3912 1828 3988 quod'

226 3998 426 4053 Petrus
457 4000 508 4053 in
529 3999 762 4069 Epistula
790 4018 883 4056 sua
916 4012 1140 4060 testatus
1159 4015 1260 4071 est,
1284 4008 1467 4062 dicens
1491 4026 1502 4060 :
1538 4008 1798 4080 Infantes,

222 4092 309 4144 (ac
357 4092 614 4157 adamate,
647 4102 702 4145 ut
749 4096 802 4147 in
832 4112 890 4149 eo
937 4098 1178 4150 crescetis
1205 4096 1258 4167 (I
1299 4096 1413 4152 Pet.
1447 4100 1524 4169 ιι).
1558 4096 1803 4154 Ostendit

223 4182 392 4236 nobis
437 4190 494 4237 et
544 4192 757 4238 sanctus
798 4183 1031 4240 Joannes
1087 4189 1139 4240 in
1166 4187 1404 4256 Epistola
1453 4204 1545 4242 sua
1577 4191 1805 4256 qualiter

227 4275 390 4344 pueri
420 4290 537 4328 es:.e
565 4275 873 4340 debeamus,
899 4294 1017 4331 cum
1047 4278 1174 4333 dicit
1201 4297 1212 4330 :
1246 4278 1425 4333 Scriba
1454 4279 1612 4348 vobis,
1636 4283 1801 4352 pueri,

225 4368 353 4436 quia
374 4368 681 4435 cognovistis
707 4369 968 4438 patrem(l
993 4371 1149 4424 Joan.
1177 4372 1254 4443 ιι).
1289 4371 1344 4424 ln
1375 4373 1479 4427 hoc
1507 4388 1632 4442 ergo
1653 4375 1805 4442 pueri

227 4470 356 4509 esse
409 4457 768 4525 prmcipimur,
819 4466 877 4512 ut
922 4469 1124 4528 patrem
1156 4475 1533 4528 agnoscamus;
1567 4471 1623 4517 ut
1651 4465 1806 4519 inno-

1904 1911 1977 1962 tui
2005 1910 2338 1964 haberemus.
2371 1909 2660 1979 Propterea
2684 1910 2884 1964 addidit
2924 1910 3143 1964 dicens:
3171 1908 3470 1977 Quicunque

1899 2002 2327 2056 scandalizarerit
2370 2019 2528 2056 unum
2573 2004 2638 2056 dc
2666 2003 2866 2073 pusillis
2906 2005 3018 2056 isfis
3063 2003 3147 2074 qui
3174 2001 3391 2055 credunt
3417 2002 3472 2057 in

1848 2114 1860 2123 η
1900 2109 1995 2155 me,
2027 2093 2230 2160 expedit
2252 2093 2298 2146 ei
2325 2102 2379 2145 ut
2406 2093 2747 2161 suspendatur
2784 2093 2920 2146 mola
2964 2093 3194 2144 asinaria
3241 2093 3295 2144 in
3339 2091 3472 2145 collo

1899 2184 2031 2252 ejus,
2061 2192 2109 2236 et
2135 2183 2458 2253 demergatur
2486 2184 2535 2236 in
2558 2184 2871 2253 profundum
2897 2185 3074 2236 muris.
3108 2181 3337 2237 Necesse
3353 2188 3472 2235 erat

1901 2283 1958 2328 ut
1987 2283 2107 2343 post
2135 2275 2407 2343 praemium
2425 2275 2630 2330 devotae
2654 2275 2772 2330 ﬁdei
2802 2273 3169 2328 inﬁdelitatem
3199 2273 3471 2328 damnatio

1899 2373 2229 2432 sequeretur.
2259 2362 2426 2418 Sicuti
2461 2365 2599 2418 enim
2632 2363 2878 2418 ﬁdelibus
2908 2363 3211 2418 hominibus
3244 2361 3471 2417 scanda-

1901 2457 2008 2510 lum
2038 2456 2353 2510 facientibus
2373 2472 2529 2525 paana
2556 2455 2804 2520 debetur,
2835 2464 2889 2510 et
2915 2471 3072 2524 quam
3102 2469 3261 2522 grave
3281 2468 3471 2524 pecca-

1902 2555 2013 2604 tum
2039 2549 2110 2602 sit
2137 2548 2443 2604 scandalum
2482 2548 2675 2613 facere,
2705 2563 2768 2602 ex
2797 2549 2903 2603 hoc
2941 2549 3056 2616 ipso
3079 2546 3488 2614 cognoscimus,

1897 2657 2018 2697 cum
2067 2641 2320 2696 Dominus
2347 2641 2602 2711 expedire
2641 2641 2780 2695 dicat
2809 2639 3114 2709 hujusmodi
3161 2637 3383 2704 homini,
3413 2645 3473 2692 ut

1899 2735 2041 2788 mola
2069 2734 2300 2788 asinaria
2331 2749 2589 2802 suspensa
2630 2734 2682 2787 in
2709 2731 2850 2789 collo
2898 2733 3014 2800 ejus
3065 2731 3116 2785 in
3147 2729 3469 2800 profundum

1898 2827 2061 2880 maris
2084 2826 2444 2894 demergatur,
2466 2842 2625 2894 quam
2648 2833 2704 2881 ut
2734 2841 2894 2881 unum
2917 2825 2986 2879 de
3005 2823 3210 2893 pusillis
3236 2823 3289 2876 in
3318 2820 3473 2877 Chri-

1899 2925 1983 2970 sto
2002 2917 2340 2972 credentibus
2358 2917 2700 2972 scandalizet.
2723 2915 2793 2970 Ut
2811 2921 3082 2985 praevento
3097 2913 3301 2983 peccati
3324 2927 3473 2967 scan-

1899 3007 2020 3062 dalo
2050 3007 2375 3077 hujusmodi,
2404 3007 2449 3062 si
2479 3007 2590 3062 ﬁeri
2613 3013 2806 3076 potest,
2831 3006 2931 3061 hac
2948 3004 3301 3069 scnteutia,in
3329 3017 3475 3073 prte-

1899 3099 2039 3152 senti
2065 3099 2173 3151 vita
2195 3101 2309 3153 sine
2357 3098 2613 3172 seandalo
2641 3099 2848 3161 vivere,
2880 3111 3039 3166 quam
3069 3111 3188 3150 cum
3215 3093 3474 3150 seandalo

1904 3205 2111 3259 pinnam
2131 3198 2387 3243 :eternam
2435 3191 2572 3243 illius
2612 3192 2799 3244 mortis
2834 3190 3079 3243 malimus
3103 3189 3390 3243 incurrere.
3415 3185 3475 3242 Si

1902 3280 2062 3348 igitur
2091 3280 2191 3334 hoc
2219 3279 2474 3333 Dominus
2501 3279 2568 3333 de
2594 3294 2660 3332 eo
2699 3281 2790 3347 qui
2839 3295 3000 3333 unum
3040 3279 3366 3333 scandalizat
3405 3279 3474 3334 de

1903 3373 2107 3441 pusillis
2153 3371 2405 3440 loquitur,
2437 3386 2596 3440 quam
2648 3380 2896 3441 putamus
2945 3386 3159 3440 pmnam
3198 3370 3475 3424 habituros

1903 3462 2201 3525 hacrcticos,
2229 3462 2318 3529 qui
2340 3477 2437 3531 per
2457 3476 2674 3530 pravam
2698 3468 2753 3516 et
2772 3459 3028 3530 perﬁdam
3044 3459 3340 3514 doctrinam
3366 3473 3473 3512 non

1904 3551 2014 3617 uni,
2063 3551 2157 3605 sed
2212 3551 2430 3620 integra:
2478 3550 2730 3606 Ecclesiae
2780 3550 3087 3605 scandalum
3142 3548 3475 3610 faciunt?_Et

1904 3643 2146 3712 quamvis
2171 3643 2371 3698 dictum
2399 3644 2502 3697 hoc
2529 3643 2743 3697 Domini
2771 3642 2836 3696 de
2880 3641 3021 3696 mola
3050 3641 3280 3696 asinaria
3309 3640 3471 3694 etiam

1903 3735 2212 3804 simpliciter
2235 3737 2402 3805 possit
2427 3735 2667 3804 intelligi,
2685 3742 2862 3788 tamen
2884 3733 3169 3789 secundum
3196 3732 3472 3803 mysticam

1905 3827 2167 3881 rationem
2198 3827 2248 3880 in
2276 3825 2663 3894 signiﬁcatione
2690 3825 2845 3880 mola:
2869 3823 3109 3878 asinaria:
3133 3823 3247 3893 plus
3276 3820 3477 3892 aliquid
3529 3823 3532 3826 ’

1906 3924 2084 3985 potest
2112 3916 2355 3984 intelligi.
2380 3916 2638 3970 Animalia
2662 3932 2780 3985 qua:
2805 3915 2873 3969 ad
2894 3915 3089 3968 molam
3109 3914 3256 3982 juugi
3279 3913 3483 3979 solent,

1907 4007 2117 4061 clausos
2147 4007 2330 4061 oeulos
2353 4007 2551 4061 habere
2585 4012 2996 4062 consueverunt.
3030 4003 3182 4059 Unde
3220 4005 3376 4058 moke
3403 4005 3482 4058 si-

1908 4097 2248 4165 gniﬁcatione
2273 4097 2424 4151 labor
2462 4098 2582 4150 vitae
2610 4098 2887 4164 prccsentis
2909 4097 3221 4150 ostenditur.
3249 4095 3304 4149 ln
3329 4096 3481 4150 asino

1911 4205 2040 4244 vero
2069 4190 2280 4257 gentilis
2321 4189 2485 4242 homo
2514 4196 2860 4253 monstratur,
2907 4188 2998 4256 qui
3027 4189 3144 4241 sine
3173 4189 3482 4254 cognitione

1914 4281 2007 4335 Dei
2036 4289 2090 4334 et
2122 4280 2320 4334 lumine
2345 4278 2468 4332 ﬁdei
2492 4287 2742 4346 tanquam
2772 4293 2970 4332 czccum
2994 4277 3192 4331 animal
3223 4278 3272 4330 in
3297 4279 3484 4331 labore

1911 4371 2090 4425 saeculi
2110 4370 2257 4424 vivit.
2283 4367 2609 4424 Profundum
2639 4384 2765 4422 vero
2795 4367 2956 4421 maris
2984 4365 3301 4436 profundum
3331 4381 3482 4420 erro—

1913 4477 2024 4515 rem
2053 4460 2254 4514 mundi.
2279 4458 2346 4513 Et
2375 4459 2492 4513 ideo
2516 4458 2652 4513 bene
2680 4457 2814 4512 dixit
2835 4458 3085 4528 expedire
3109 4457 3199 4511 tali
3225 4457 3314 4528 qui
3335 4471 3484 4516 scan-

225 4554 423 4599 centes
451 4554 506 4598 et
533 4546 801 4615 simplices
829 4549 966 4602 sicut
994 4550 1257 4606 columba:
1285 4553 1338 4606 in
1365 4553 1467 4608 hoc
1501 4555 1700 4611 mundo
1731 4557 1808 4610 vi-
1834 4525 1888 4586 D
1913 4553 2090 4607 dalum
2122 4552 2247 4607 facit
2275 4553 2473 4607 molam
2504 4552 2791 4606 asinariam
2829 4551 3086 4622 suspendi
3127 4552 3177 4606 in
3207 4551 3346 4606 collo
3367 4549 3484 4618 ejus

224 4650 444 4689 ramus.
480 4637 676 4692 Volens
724 4640 879 4707 igitur
922 4641 1174 4696 Dominus
1201 4643 1502 4713 hujusmodi
1555 4648 1607 4700 in
1655 4649 1810 4703 nobis

226 4744 356 4782 esse
383 4729 786 4785 similitudinem
815 4747 1245 4801 puerorum,non
1275 4737 1540 4791 immerito
1557 4740 1809 4806 praesenti

224 4819 354 4872 loco
389 4819 459 4872 ait
494 4838 505 4870 :
541 4818 660 4874 Nisi
682 4823 909 4876 conversi
935 4825 1223 4894 e/Iiciamini
1251 4828 1382 4880 sicut
1409 4829 1572 4897 pueri,
1601 4845 1700 4882 non
1733 4832 1812 4883 in-

222 4909 438 4963 trabitis
485 4912 538 4963 in
568 4929 778 4982 regnum
806 4916 1063 4969 calorum.
1101 4915 1395 4990 Quicunque
1424 4936 1542 4989 ergo
1574 4920 1816 4974 humilia-

223 5003 361 5055 terit
400 5019 453 5055 se
499 5003 629 5056 sicut
656 5021 783 5072 puer
809 5007 936 5072 iste,
967 5007 1048 5061 hic
1080 5009 1247 5079 major
1272 5010 1427 5071 estin
1473 5028 1631 5082 regno
1660 5013 1811 5066 εωιο-

221 5109 370 5146 rum.
399 5091 532 5146 Eum
572 5108 699 5162 ergo
727 5096 984 5165 majorem
1013 5099 1065 5151 in
1092 5112 1259 5166 regno
1283 5102 1541 5155 cmlorum
1578 5104 1810 5157 futurum

219 5182 516 5237 evidenter
555 5183 810 5239 Dominus
839 5186 1162 5254 manifestat,
1195 5190 1495 5260 quicunque
1542 5193 1812 5247 humilita-

219 5281 433 5327 temet
481 5275 838 5331 innocentiam
887 5280 1037 5348 pueri
1083 5281 1245 5335 fuerit
1272 5283 1525 5339 imitatus.
1572 5284 1812 5354 Denique

221 5366 353 5434 ipse
387 5365 656 5431 Dominus,
681 5377 739 5422 ut
763 5370 914 5424 nobis
943 5371 1182 5440 perfecte
1211 5387 1278 5426 ex
1307 5387 1364 5427 se
1385 5375 1685 5444 exemplum
1714 5376 1813 5429 hu-

217 5455 484 5508 militatis
513 5458 836 5526 ostenderet,
867 5461 1027 5514 etiam
1051 5462 1162 5531 ipse
1191 5472 1462 5534 assumpta
1487 5481 1647 5520 carne
1676 5464 1814 5521 efﬁci

223 5561 378 5615 puer
403 5546 655 5612 dignatus
685 5558 784 5613 est,
817 5551 1107 5605 secundum
1137 5553 1279 5621 quod
1331 5555 1587 5624 scriptum
1636 5555 1702 5609 de
1749 5573 1814 5611 eo

221 5638 469 5704 leginuts
493 5654 504 5690 :
532 5636 788 5701 Quoniam
808 5659 932 5710 puer
960 5653 1108 5702 natus
1129 5654 1205 5697 est
1229 5645 1391 5712 nobis,
1419 5655 1469 5699 et
1494 5647 1634 5716 ﬁlius
1657 5647 1813 5702 datus

219 5721 313 5788 est
366 5733 537 5797 nobis,
580 5736 723 5804 cujus
750 5736 1019 5806 imperium
1048 5739 1242 5806 factum
1270 5746 1344 5792 est
1375 5754 1526 5808 super
1572 5740 1806 5796 humeros

1912 4655 1967 4701 et
1997 4647 2229 4714 demergi
2257 4647 2308 4700 in
2351 4645 2670 4716 profundum
2701 4646 2880 4700 maris.
2911 4645 2966 4698 In
2996 4661 3102 4714 quo
3130 4643 3359 4697 maxime
3387 4641 3486 4696 Ju-

1913 4740 2085 4794 dteum
2132 4737 2432 4805 signiﬁcare
2481 4738 2712 4806 videtur,
2761 4739 2850 4806 qui
2882 4737 2947 4791 de
2985 4751 3140 4790 cruce
3169 4733 3384 4798 Christi,
3415 4731 3484 4792 de

1914 4828 2292 4898 prmdicatione
2322 4827 2551 4881 nominis
2579 4826 2693 4894 ejus
2721 4826 3028 4882 scandalum
3069 4824 3177 4893 pati
3208 4821 3486 4890 cognosci-

1915 4925 2019 4971 tur.
2054 4916 2185 4971 lluic
2211 4931 2337 4984 ergo
2379 4917 2469 4969 tali
2520 4916 2815 4984 expediret,
2847 4917 2889 4969 si
2940 4917 2993 4969 in
3032 4915 3268 4968 czceitate
3289 4913 3486 4968 erroris

1918 5009 2128 5078 gentilis
2157 5007 2319 5062 veluti
2342 5009 2392 5061 in
2423 5006 2740 5078 profundum
2771 5008 2931 5061 maris
2953 5006 3226 5060 demersus
3246 5019 3487 5060 versare-

1921 5109 2022 5166 tur,
2054 5116 2213 5171 quam
2242 5099 2341 5154 sub
2371 5097 2744 5168 puriﬁcatione
2791 5097 2939 5164 legis,
2970 5112 3065 5166 per
3111 5111 3270 5164 quam
3307 5095 3488 5151 lumen

1919 5193 2158 5246 veritatis
2186 5206 2477 5259 agnoscere
2527 5205 2584 5244 se
2611 5189 2820 5243 Judteus
2849 5188 3136 5250 existimat,
3169 5185 3240 5241 de
3276 5187 3490 5243 Christo

1919 5287 2006 5339 vel
2029 5283 2284 5353 apostolis
2305 5281 2436 5350 ejus,
2462 5297 2596 5349 quos
2619 5279 2869 5350 parvulos
2898 5278 3150 5348 appellat,
3179 5277 3490 5334 scandalum

1919 5385 2219 5446 pateretur;
2248 5375 2372 5442 quia
2403 5372 2606 5426 facilius
2633 5378 2712 5424 est
2732 5370 3120 5439 gentilem‘sine
3143 5370 3258 5437 lege
3281 5369 3492 5424 Christo

1919 5485 2023 5523 non
2043 5468 2280 5531 credere,
2315 5481 2474 5534 quam
2501 5463 2739 5517 Judzenm
2769 5463 3034 5517 viventem
3063 5462 3160 5516 sub
3181 5461 3317 5530 lege,
3361 5460 3493 5527 legis

1919 5561 2084 5631 ipsius
2105 5559 2383 5614 Dominum
2414 5556 2697 5620 denegare.
2733 5553 3022 5608 Possumus
3061 5563 3237 5608 autem
3270 5552 3320 5605 in
3352 5552 3492 5604 mola

1920 5649 2148 5705 asinaria
2177 5647 2335 5702 etiam
2365 5645 2470 5698 duo
2500 5644 2840 5698 Testamenta
2871 5642 3167 5710 signiﬁcata
3211 5642 3366 5710 691
3399 5654 3491 5692 co-

1919 5755 2196 5815 gnoscere,
2236 5752 2333 5807 per
2379 5751 2496 5805 qua:
2546 5735 2908 5805 unusquisque
2937 5732 3241 5789 scandalum
3293 5727 3491 5783 faciens
