4054 6194
539 382 633 440 771
1757 381 1812 435 S.
1852 382 2096 437 MAXIM!
2134 384 2139 400 '

2240 381 2582 437 URINENSIS
3681 387 3778 441 77?.

540 507 598 553 et
618 498 918 575 proximum
948 508 1284 575 sutnmogiere
1314 493 1988 575 enimnenalet,‘patriisque
2017 493 2132 561 ejus
2159 492 2588 575 mandatanhunc
2606 492 2669 542 ad
2695 482 2857 569 linem
2890 490 3223 572 dirigantur?
3258 491 3455 549 Judaeis
3492 501 3668 549 autem
3695 512 3781 575 su-

581 560 709 619 ci'be
744 565 1067 633 jactantilms
1094 560 1171 614 se
1200 574 1401 630 patren
1432 560 1924 633 habereAbraham
1957 560 2116 630 atque
2157 563 2363 629 signnzn
2394 561 2642 633 ΔΙξωηίυιιῖμι-
2659 560 2773 633 ejus
2801 576 2897 613 sua
2938 561 3193 633 in_car_ne
3238 573 3469 633 gestare,
3502 567 3784 632 respo..det

574 629 825 697 [axiiniis,
859 633 1123 686 Abraham
1155 629 1260 685 neu
1294 648 1358 685 ex
1405 632 1806 686 circumcisione
1830 629 2176 699 justilicatum
2206 645 2344 691 esse,
2377 629 2587 682 dicente
2612 630 2885 751 Scrip‘tura
2909 630 3072 685 verbo
3113 631 3206 685 Dei
3232 632 3541 699 credidisse,
3571 629 3786 702 ejusque

574 702 974 751 mnedietionem
998 712 1343 751 consecutum
1396 699 1451 751 Si
1482 714 1611 751 eruo
1640 701 1738 751 ipsi
1765 699 1855 751 ﬁlii
1886 700 2114 751 Abraha:
2138 709 2477 751 renutantur.
2507 713 2629 751 eum
2657 699 2707 751 in
2784 698 3148 751 edemntorem
3176 701 3460 751 credentes
3497 703 3785 751 imitentur.

547 702 974 757 benedictionem
998 712 1343 755 consecutum
1396 699 1451 754 Si
1482 714 1611 767 ergo
1640 701 1738 769 ipsi
1765 698 1855 754 ﬁlii
1886 700 2114 754 Abraha:
2138 709 2477 768 rcputantur,
2507 713 2629 751 eum
2657 699 2707 751 in
2735 698 3148 767 Redemptorem
3176 701 3460 756 credentes
3497 698 3785 757 imitentur.

546 771 763 826 Frustra
792 772 932 824 enim
963 786 1028 825 ex
1059 771 1483 832 circuitu-isiune,
1536 772 1707 836 inquit
1730 770 1786 824 S.
1833 770 2042 832 doctor,
2074 769 2347 837 pmmium
2378 768 2565 838 salutis
2594 776 2935 838 exspectant;
2981 783 3102 822 cum
3152 770 3264 838 ipsa
3295 770 3345 823 in
3376 771 3585 838 signum
3613 771 3791 826 datum

547 840 699 893 fuerit
733 840 961 907 generis,
988 849 1042 892 et
1062 848 1195 909 ante
1216 841 1381 908 ipsum
1415 839 1567 902 Abel,
1601 840 1760 902 littus,
1794 838 1996 903 Enoch,
2020 836 2134 892 Noe
2157 846 2218 909 et
2245 836 2629 909 Melchisedech
2651 837 2903 909 sacerdos
2922 836 3229 909 summiﬁci
3250 840 3377 906 justi
3400 836 3654 909 appellati
3674 852 3791 897 sunt

548 924 615 963 ex
648 903 767 969 ﬁde,
802 917 854 961 et
875 924 981 960 non
1004 903 1293 962 secundum
1319 924 1532 961 carnem
1558 910 1856 961 cirrumcisi
1884 910 2113 961 fuerunt.
2145 906 2278 960 Cum
2309 912 2484 959 autem
2515 903 2632 959 ﬁnis
2665 906 2793 973 legis
2822 907 2977 975 705
3006 907 3075 960 sit
3104 903 3365 973 Christus,
3387 903 3544 962 vetns
3572 911 3662 963 illa
3688 911 3793 964 cir-

549 976 804 1032 c‘umcisio
834 978 1071 1030 habenda
1100 987 1179 1030 est
1211 987 1457 1045 tanquam
1488 978 1784 1046 symbolum
1812 992 1918 1047 quo
1943 977 2124 1047 ﬁleles
2153 977 2220 1047 ab
2242 975 2702 1047 ii-leccliriscarnis
2722 985 2968 1047 caveant.
2994 975 3255 1047 idolorum
3284 978 3551 1047 vanitates
3572 978 3793 1047 fugiant,

550 1056 624 1118 et,
656 1046 1033 1118 cupiditatibus
1076 1047 1254 1099 szeculi
1291 1044 1842 1118 modumimponant.
1880 1045 1943 1099 In
1991 1044 2369 1118 Jesu_C/iristo,
2399 1045 2664 1118 scribebat
2694 1045 2993 1118 Apostolus
3020 1046 3241 1118 Galatis,
3273 1046 3452 1118 Neque
3478 1044 3797 1106 circumcisio

552 1116 748 1185 aliquid
776 1114 923 1186 valet,
951 1131 1108 1185 neque
1135 1117 1457 1184 prmputium,
1488 1116 1577 1168 sed
1597 1111 1743 1184 ﬁdes,
1770 1132 1884 1186 qua:
1910 1131 2000 1183 per
2028 1115 2294 1186 caritatem
2319 1123 2560 1186 operatur
2580 1111 2779 1186 (διατέμ.
2808 1118 2878 1180 v).
2910 1114 2988 1167 Ad
3019 1116 3255 1170 cwlestia
3278 1111 3439 1181 enim,
3466 1134 3571 1171 non
3598 1120 3668 1172 ad
3690 1127 3798 1172 ter-

552 1182 680 1238 rena
711 1199 830 1237 cum
860 1182 1101 1238 Christus
1135 1182 1309 1238 homo
1358 1182 1609 1246 emlestis,
1642 1192 1697 1237 ut
1726 1182 1845 1236 eum
1889 1182 2122 1252 appellat
2151 1183 2457 1251 Apostolus,
2506 1198 2632 1235 suos
2668 1182 2899 1237 advocet
2940 1192 3251 1247 sectatores,
3286 1194 3391 1240 n'on
3419 1187 3679 1252 carnalia,
3706 1189 3799 1244 sed

553 1253 850 1322 spiritualia
878 1269 1040 1322 opera
1079 1254 1155 1306 eis
1184 1254 1438 1322 pnecipit,
1470 1254 1660 1322 quibus
1684 1253 1849 1306 Deum
1880 1268 1989 1321 pra:
2027 1252 2197 1306 oculis
2224 1266 2438 1322 semper
2469 1252 2743 1322 habentes,
2787 1253 2964 1305 omnia
3000 1254 3051 1306 in
3082 1253 3198 1319 ejus
3225 1255 3447 1321 gloriam
3477 1265 3659 1322 agant.
3690 1256 3800 1314 Hoc

552 1321 805 1375 viviﬁeati
833 1321 1041 1395 spiritu,
1063 1321 1244 1390 jugum
1265 1322 1398 1395 legis
1419 1321 1533 1389 ejus
1562 1337 1743 1386 suave,
1776 1332 1836 1395 et
1856 1337 1992 1395 onus
2022 1321 2391 1374 mandatorum
2422 1321 2538 1374 leve
2567 1321 2946 1395 experiuntur;
2971 1324 3111 1395 quod
3146 1324 3259 1391 ipse
3286 1337 3408 1395 eum
3436 1321 3799 1395 diligentibus,

553 1407 652 1445 suo
680 1407 951 1460 nunquam
980 1392 1129 1445 deest
1156 1391 1373 1455 auxilio,
1409 1400 1465 1444 ut
1492 1400 1748 1445 :eternam
1777 1391 1874 1445 sibi
1905 1391 2129 1446 salutem
2160 1399 2584 1460 promereantur.
2616 1391 2827 1460 JlLtllBOa‘
2858 1407 2983 1444 vero
3003 1393 3270 1459 jactantes
3295 1391 3800 1450 Messiam’futuruui

554 1474 757 1534 regem,
778 1458 1094 1534 atquecum
1124 1461 1291 1527 gloria
1319 1460 1670 1534 et‘tnaiesta‘tc
1700 1471 2004 1534 venturum,
2034 1460 2215 1512 multis
2235 1459 2477 1534 confutat
2504 1458 2636 1534 Novi
2666 1458 3275 1534 Testamentioraculis,
3298 1474 3525 1529 quorum
3549 1464 3727 1534 aliqua
3750 1466 3801 1520 in

554 1530 728 1601 primo
768 1529 963 1601 Christi
991 1531 1218 1601 adventu
1267 1531 1500 1601 perfecte
1537 1529 1828 1601 adimpleta
1872 1530 2238 1601 demonstrat;
2272 1529 2476 1601 reliqua
2506 1529 2558 1582 in
2588 1528 2824 1582 secundo
2870 1530 3205 1601 adimplenda
3235 1541 3542 1598 supersunt,
3589 1528 3802 1601 quando

557 1598 780 1663 scilicet,
811 1607 867 1669 ut
893 1599 968 1650 ait
997 1598 1322 1669 Augustinus
1350 1600 1427 1666 (α)
1458 1615 1577 1651 cum
1607 1599 1850 1669 claritate
1879 1600 2129 1665 potentia:
2151 1599 2375 1669 venerit.
2404 1598 2545 1669 Qupt
2571 1608 2877 1669 quantaque
2902 1599 2970 1651 ab
2998 1598 3063 1653 eo
3091 1601 3322 1654 cmlestis
3340 1598 3622 1669 sapientiai
3644 1604 3805 1657 docu-

556 1676 735 1721 menta
761 1667 1079 1722 audierunt?
1104 1668 1324 1732 Quoties
1362 1665 1568 1721 divinas
1597 1669 1713 1733 ejus
1751 1667 1994 1721 admirati
2025 1675 2148 1719 sunt
2173 1668 2396 1719 virtutes
2416 1670 2439 1719 ?
2467 1665 2635 1731 Quam
2665 1682 2805 1735 smpc
2835 1668 3112 1735 languidos
3134 1669 3199 1721 ad
3230 1665 3593 1737 viresjaegros
3623 1671 3695 1724 ad
3722 1688 3805 1725 sa-

558 1738 800 1808 nitatem,
832 1746 1074 1808 mortuos
1115 1739 1301 1808 etiam_
1322 1738 1385 1808 ad
1414 1737 1577 1808 vitam
1609 1737 1675 1789 ab
1714 1738 1831 1804 ipso
1858 1738 2135 1808 restitutos
2166 1737 2547 1808 inspexerunt?
2578 1737 2644 1787 At
2673 1744 2793 1808 post
2822 1736 2935 1808 iure
2976 1739 3174 1803 omnia,
3200 1738 3347 1807 impii
3375 1736 3804 1808 blaéphemante;

556 1804 758 1877 desum,
789 1821 910 1877 eum
940 1806 1259 1877 dannouium
1290 1806 1782 1877 habered‘ixcrunt,
1815 1807 2150 1877 arreptisque
2182 1804 2707 1877 lapidibuslurentes
2748 1806 2799 1858 in
2830 1806 2975 1859 illum
3007 1804 3292 1861 irruerent:
3327 1809 3404 1861 Eo
3432 1804 3601 1877 usque
3622 1812 3733 1877 egit
3755 1812 3803 1864 in

559 1874 688 1943 ipsis
718 1874 924 1927 invidus
952 1874 1109 1938 livor,
1137 1883 1192 1945 et
1222 1890 1359 1928 cmea
1392 1874 1631 1945 perfidia,
1664 1875 1940 1945 nt_justum
1972 1882 2026 1927 et
2056 1876 2413 1945 innocentem,
2446 1874 2739 1945 beneﬁcuIii
2767 1882 2821 1928 et
2848 1878 3168 1930 salvatorem
3197 1878 3372 1932 crucis
3401 1893 3477 1931 su-
3502 1874 3801 1945 plicio'alti-

557 1942 742 2015 cerent
787 1951 945 2010 atque
975 1958 1005 1997 e
1043 1943 1175 2015 vivis
1217 1943 1659 2015 exterminat-ent.
1700 1942 1792 1996 His
1823 1959 1927 1996 non
1974 1951 2083 1995 tam
2134 1944 2308 2015 verbis
2346 1958 2505 2011 quam
2535 1944 2933 2015 Scripturarum
2980 1946 3297 2015 testimoniis
3334 1942 3654 2015 persolutis,
3692 1965 3805 2003 om-

560 2012 648 2064 nia
696 2012 749 2065 in
798 2027 963 2065 unum
1013 2027 1043 2065 a
1091 2011 1321 2065 Maximo
1363 2023 1724 2081 congeruntur
1769 2021 2098 2080 argumenta,
2151 2012 2344 2081 quibus
2387 2021 2573 2066 contra
2610 2011 2821 2069 Iudaeos
2864 2013 3046 2067 Jesum
3090 2011 3356 2069 Christum
3402 2031 3586 2070 verum
3621 2011 3799 2080 Deum,

558 2095 850 2148 verumque
876 2081 1169 2147 hominem,
1205 2081 1614 2148 Rcdemptnrem
1645 2090 1885 2135 nostrum
1912 2081 2232 2135 audiendum
2262 2090 2315 2134 et
2349 2081 2679 2135 adorandum
2703 2083 3106 2137 demonstravit.
3138 2082 3208 2138 Ut
3234 2085 3450 2139 tandem
3478 2086 3549 2140 ab
3577 2087 3803 2142 obdura~

560 2149 706 2204 tione
730 2150 1068 2219 resipiscant,
1100 2160 1259 2218 atque
1291 2151 1342 2204 in
1376 2150 1590 2204 Christo
1622 2152 1798 2204 lumen
1831 2151 2071 2206 veritatis
2096 2152 2374 2221 aspiciant,
2405 2151 2527 2204 vita:
2560 2159 2772 2206 mternae
2801 2152 3154 2222 promissione
3181 2153 3517 2210 adhortatur.
3582 2198 3585 2199 ν

629 2271 706 2341 (a)
736 2269 811 2324 De
830 2267 986 2323 Civit.
1020 2270 1114 2323 Dei
1157 2269 1248 2323 lib.
1276 2286 1420 2330 xvm,
1455 2285 1570 2338 cap.
1608 2269 1693 2322 45.

572 2377 3768 2434 ω

1474 2504 2144 2619 SANCTI
2215 2506 2917 2618 MAXIM!

1002 2712 3357 2951 TRACTATUS.

1474 3015 2893 3052 —————————-.—--—-———

1554 3130 2249 3215 TRACTATUS
2327 3128 2802 3211 PRIMUS.

1920 3264 2003 3317 DE
2039 3261 2376 3317 BAPTISMO
2403 3270 2448 3315 ⁸.

629 3385 793 3457 709
818 3381 1003 3440 Omnis
1028 3382 1242 3452 quidem
1289 3382 1384 3436 Dei
1427 3396 1637 3444 sermo,
1688 3378 1715 3418 δ
1768 3377 1978 3439 fratres,
2011 3392 2132 3431 cum
2163 3380 2208 3437 Α
2238 3381 2359 3428 aeto
2397 3376 2508 3442 jam
2545 3374 2920 3445 mysteriorum
2964 3376 3184 3447 ordine,
3210 3379 3529 3450 exponimus
3570 3384 3722 3440 vobis
3747 3401 3803 3440 ea

562 3476 710 3532 cunni
740 3476 1035 3529 intentione
1055 3482 1109 3529 et
1128 3472 1399 3542 diligentia
1421 3472 1615 3527 mentis
1638 3470 1797 3525 debet
1820 3468 2010 3533 audiri,
2040 3467 2135 3521 sed

563 3563 653 3620 hic
690 3564 922 3618 maxime
961 3578 1123 3632 quem
1152 3562 1309 3616 hodie
1347 3560 1415 3614 ad
1457 3559 1733 3614 caritatem
1764 3566 1995 3612 vestram
2035 3555 2134 3608 ha-

563 3655 726 3710 bituri
754 3670 958 3710 sumus.
988 3653 1114 3708 Ideo
1142 3653 1304 3719 enim,
1326 3650 1558 3705 dimissis
1581 3649 1692 3718 jam
1718 3646 2133 3709 catechumenis,

561 3758 662 3800 vos
691 3752 894 3799 tantum
923 3742 988 3796 ad
1019 3742 1341 3796 audiendum
1380 3740 1727 3804 retinnimus;
1777 3738 1902 3807 quia
1948 3744 2139 3806 prmter

562 3835 653 3890 illa
698 3848 818 3901 qua:
862 3846 1049 3886 omnes
1090 3830 1424 3885 Christianos
1470 3829 1722 3883 convenit
1762 3828 1814 3880 in
1853 3841 2138 3882 commune

562 3937 797 3986 servare,
829 3919 1135 3988 specialiter
1177 3918 1245 3972 de
1271 3918 1576 3973 ccelestibus
1616 3916 1884 3986 mysteriis
1913 3914 2140 3969 locuturi

563 4025 770 4075 sumus,
799 4023 918 4077 qua:
946 4007 1128 4061 audire
1156 4021 1261 4061 non
1287 4012 1530 4074 possunt,
1555 4004 1655 4058 nisi
1682 4003 1773 4072 qui
1802 4018 1885 4069 ea,
1907 4002 2141 4057 donante

561 4101 674 4172 jam
700 4098 946 4161 Domino,
980 4104 1355 4168 perceperunt.
1398 4094 1572 4150 Tanto
1600 4107 1729 4163 ergo
1758 4092 1962 4163 majore
1987 4107 2141 4148 reve-

563 4189 735 4247 rentia
761 4188 969 4244 debetis
1005 4187 1193 4271 audire
1237 4200 1357 4256 qua:
1402 4185 1644 4252 dicimus,
1692 4194 1894 4253 quanto
1934 4183 2140 4253 majora

563 4268 665 4337 ista
693 4288 818 4336 sunt
845 4292 965 4350 qua:
991 4268 1121 4334 solis
1146 4277 1432 4348 baptizatis
1454 4285 1510 4330 et
1537 4274 1780 4330 ﬁdelibus
1809 4274 2142 4328 auditoribus

564 4375 993 4437 conunittuntur,
1040 4386 1199 4442 quam
1248 4370 1339 4424 illa
1383 4385 1503 4439 qua:
1556 4369 1719 4423 etiam
1771 4366 2141 4423 catechumeni

562 4465 749 4521 audire
775 4470 1185 4520 consueverunt.
1212 4460 1327 4516 Non
1354 4468 1532 4513 autem
1569 4457 1752 4512 mirari
1780 4457 2006 4522 debetis,
2038 4456 2141 4510 l‘ra-

563 4563 672 4610 tres
700 4553 982 4615 carissimi,
1007 4550 1151 4618 quod
1179 4549 1332 4603 vobis
1360 4549 1499 4602 inter
1519 4548 1634 4617 ipsa
1660 4548 1913 4618 mysteria
1935 4547 2001 4601 de
2026 4562 2140 4617 my-

561 4648 739 4702 steriis
764 4643 897 4699 nihil
923 4642 1174 4706 diximus,
1218 4639 1361 4710 quod
1390 4653 1496 4693 non
1525 4638 1707 4693 statim
1736 4654 1799 4694 ea
1825 4644 1944 4710 qua:
1974 4637 2137 4692 tradi-

2237 3479 2354 3533 qnce
2382 3471 2505 3518 ante
2536 3465 2871 3529 tradidimus,
2901 3483 2965 3522 ne
2988 3467 3111 3522 dum
3132 3470 3307 3525 minus
3327 3472 3623 3542 intelligitis
3649 3476 3805 3531 divini

2239 3554 2475 3624 mysterii
2504 3554 2834 3623 dignitatem,
2875 3558 3049 3613 minus
3097 3558 3225 3614 illud
3255 3562 3548 3630 pretiosum
3592 3567 3805 3634 putetis.

2239 3646 2391 3712 Quod
2420 3646 2463 3700 si
2495 3646 2895 3713 intellexeritis,
2939 3649 3184 3705 videbitis
3232 3655 3408 3707 omnia
3451 3670 3573 3723 qua:
3616 3656 3670 3710 in
3713 3657 3810 3712 hoc

2239 3738 2437 3794 mundo
2477 3741 2709 3809 pretiosa
2739 3741 3044 3810 creduntur,
3076 3745 3208 3798 tanti
3235 3749 3553 3802 sacramenti
3596 3765 3811 3820 compa-

2241 3828 2450 3883 ratione
2475 3840 2497 3865 ε
2521 3845 2639 3883 esse
2659 3830 2933 3884 vilissima.
2955 3830 3285 3889 Recordetur
3302 3850 3430 3905 ergo
3452 3841 3813 3911 unnSquisque

2242 3924 2477 3971 vestrum
2533 3919 2768 3987 singulas
2820 3922 3193 3992 mysteriorum
3243 3927 3481 3996 species,
3530 3946 3671 4000 quas
3723 3948 3816 4004 per

2239 4016 2503 4077 nostrum,
2532 4010 2765 4065 donante
2796 4012 3037 4080 Domino,
3068 4017 3197 4070 estis
3238 4018 3594 4076 ministerium
3623 4038 3815 4079 consc-

2240 4099 2381 4164 cuti,
2413 4108 2467 4154 et
2494 4116 2556 4154 ea
2595 4116 2712 4170 qua:
2744 4114 2869 4158 tunc
2911 4105 3223 4174 simpliciter
3264 4116 3319 4162 et
3364 4108 3594 4165 ﬁdeliter
3636 4125 3818 4170 susce-

2240 4190 2422 4260 pistis,
2455 4195 2614 4264 710
2643 4209 2783 4248 nunc
2826 4195 3103 4264 intelligite
3147 4198 3462 4268 prudenter,
3515 4210 3574 4255 ut
3621 4205 3813 4259 melius

2242 4282 2457 4351 poSsitis
2521 4284 2788 4338 intellecta
2842 4300 3076 4342 servare.
3143 4288 3406 4358 Imprimis
3459 4301 3611 4347 certe
3664 4310 3817 4349 aures

2244 4379 2448 4426 vestras
2476 4372 2595 4427 oleo
2625 4372 3012 4430 benedictionis
3040 4376 3406 4443 oblinivimus;
3437 4382 3533 4435 sed
3562 4382 3634 4438 ob
3657 4399 3812 4453 quant

2240 4477 2472 4527 causam,
2524 4465 3205 4542 secundumtraditionem
3250 4471 3707 4542 ecclesiasticam,
3752 4475 3816 4528 ab

2241 4552 2488 4607 omnibus
2507 4555 2779 4609 catholicis
2792 4554 2987 4611 Christi
3008 4558 3374 4615 sacerdotibus
3390 4562 3502 4626 ﬁat,
3517 4566 3814 4632 agnoscite.

2242 4642 2495 4698 lntroitus
2518 4646 2638 4700 lidei
2669 4656 2723 4701 et
2752 4647 2915 4702 totius
2937 4658 3137 4705 sancta:
3161 4650 3419 4707 doctrina:
3444 4656 3456 4691 ³
3486 4655 3554 4709 ad
3587 4656 3817 4710 animam

559 4739 734 4795 (“mus
780 4732 1114 4804 ίηῑεφΐθῑδιί
1141 4746 1342 4787 δυωυε·
1392 4739 1414 4768 °
1463 4729 1811 4784 Adhibuimus
1857 4729 1998 4784 enim
2027 4736 2137 4781 tam
2170 4743 2214 4802 Β
2241 4751 2336 4805 per
2355 4751 2511 4790 aures
2526 4735 2842 4806 admittitur,
2866 4739 3005 4794 etde
3027 4742 3209 4796 auditu
3230 4743 3534 4801 intellectus
3554 4748 3812 4803 exoritur.

562 4829 759 4883 sanctis
787 4826 946 4881 rebus
972 4833 1135 4893 atque
1162 4821 1358 4876 divinis
1378 4820 1641 4893 honorem
1669 4820 1889 4889 silentii,
1918 4826 1975 4874 et
2000 4818 2141 4872 inter

566 4917 684 4972 illos
711 4933 894 4972 saeros
921 4913 1306 4986 mysteriorum
1331 4920 1620 4982 apparatus
1647 4927 1678 4966 a
1707 4911 1934 4966 docendi
1958 4924 2140 4966 cessa-

564 5024 682 5061 mus
710 5008 906 5074 ollicio,
958 5015 1017 5061 ut
1061 5014 1259 5060 tantam
1306 5003 1499 5059 divina:
1549 5004 1734 5072 gratite
1779 5004 2139 5073 majestatem,

564 5113 686 5164 qua:
711 5097 866 5163 digne
893 5097 1052 5152 nullis
1078 5097 1353 5151 hominum
1402 5094 1622 5149 vocibus
1661 5092 1916 5163 explicari
1941 5102 2139 5163 potest,

566 5185 793 5255 amplius
823 5186 1049 5241 tacendo
1077 5200 1414 5241 veneremur.
1445 5183 1551 5239 Sed
1578 5184 1711 5253 quia
1731 5183 1922 5238 instrui
1946 5184 1997 5237 in
2025 5199 2142 5238 om-

565 5277 722 5331 nibus
736 5281 789 5328 et
800 5274 980 5329 doceri
991 5284 1219 5330 vestram
1236 5275 1578 5330 dilectionem
1588 5282 1901 5329 necesseest
1914 5273 1937 5309 θ’
1946 5314 1960 5339 ,
1978 5282 2142 5329 trans-

637 5425 664 5455 ι
685 5415 891 5471 Titulus
913 5414 1051 5485 apud
1071 5414 1407 5471 Sirmundum
1429 5424 1542 5471 est:
1567 5416 1749 5486 Sermg
1771 5415 1834 5469 de
1854 5415 2136 5486 ncophytis.

566 5484 652 5541 Ea:
670 5486 780 5542 oleo
800 5475 979 5540 sancto
996 5501 1143 5539 aures
1167 5496 1215 5539 et
1235 5503 1387 5539 nares
1409 5505 1439 5539 a
1460 5475 1806 5541 sacerdotibus
1827 5475 2134 5540 illinianvtur.

563 5556 650 5613 Ab
677 5572 743 5612 eo
772 5563 898 5610 sunt
925 5553 1194 5609 variantes
1222 5555 1495 5609 addendze.

637 5626 665 5667 ιι
692 5624 907 5681 Fratres
935 5624 1209 5678 carissimi.

638 5709 664 5741 ο
694 5694 823 5752 Post
850 5697 965 5751 hmc
992 5694 1156 5751 editio
1182 5692 1346 5748 habet
1371 5709 1385 5746 :
1416 5694 1551 5763 quod
1578 5704 1713 5749 certe
1741 5712 1842 5750 non
1874 5693 2135 5766 negligen—

2241 4825 2423 4895 Neque
2451 4828 2591 4881 enim
2619 4835 2800 4898 potest
2845 4829 3039 4900 aliquis
3077 4829 3203 4887 ﬁdei
3231 4844 3570 4890 sacramenta
3610 4852 3814 4905 cogno-

2239 4932 2407 4981 scere,
2465 4917 2567 4971 nisi
2621 4917 2802 4972 audiat
2850 4921 3249 4991 praedicantem,
3306 4924 3605 4980 aﬁirmante
3656 4927 3814 4982 beato

2240 5005 2533 5076 Apostolo,
2585 5008 2676 5076 qui
2723 5008 2894 5063 dicit:
2928 5007 3194 5074 Quomodo
3232 5022 3400 5068 autem
3445 5017 3662 5071 audient
3702 5019 3815 5072 sine

2240 5097 2591 5169 pradicante?
2619 5106 2674 5153 et
2700 5115 2884 5155 rursus
2909 5117 2921 5153 :
2951 5099 3094 5173 Ergo
3120 5103 3250 5172 ﬁdes
3287 5121 3352 5158 ea:
3378 5105 3579 5171 auditu,
3610 5109 3817 5161 auditus

2240 5198 2411 5243 autem
2436 5206 2528 5260 per
2553 5190 2759 5244 verbum
2785 5189 2887 5245 Dei
2916 5190 3093 5259 (Rom.
3118 5195 3196 5264 ι).
3228 5194 3392 5249 Recte
3419 5208 3550 5265 ergo
3576 5197 3667 5252 illo
3692 5197 3816 5252 oleo

2243 5278 2359 5349 ejus
2387 5295 2574 5336 sensus
2601 5295 2800 5350 organa
2830 5281 3251 5352 sanetiﬁeantur,
3294 5285 3409 5340 sine
3452 5301 3561 5355 quo
3593 5287 3719 5343 ﬁdes
3744 5288 3814 5343 ad

2244 5417 2338 5489 tia,
2365 5417 2555 5489 iniam
2594 5418 2754 5489 sacris
2795 5416 2945 5472 rebus
2971 5428 3123 5489 atque
3150 5420 3335 5473 divinis
3363 5425 3686 5489 sacrilegium
3710 5437 3811 5489 est,

2239 5471 2338 5559 sed:
2358 5487 2606 5559 religione
2634 5487 2866 5559 ferimus.
2897 5471 3251 5555 Adhibuimus,
3276 5471 3491 5543 reicrw"
3523 5471 3575 5496 π’

2310 5555 2336 5592 ἀ
2370 5555 2654 5627 Transacto
2679 5556 2882 5626 quidem
2899 5559 3032 5627 jam.

2309 5635 2333 5662 ⁸
2364 5623 2637 5679 Omittitur
2664 5623 2790 5678 esse.

2318 5694 2336 5732 τ
2367 5695 2450 5747 Ad
2479 5697 2735 5760 animum,
2762 5696 2832 5749 ita
2863 5694 3018 5752 infra.
