4054 6194
258 378 348 432 775
508 336 515 341 ’
1158 356 1163 363 ’
1369 383 1771 441 TRACTA’I‘US
1808 384 1847 439 ι.
1890 385 1979 441 DE
2017 386 2372 444 BAPTISMO.

3371 404 3472 456 Tit

239 494 467 547 animam
511 506 618 546 non
662 500 839 561 potest
865 492 1161 561 pervenire.
1206 490 1479 558 Simulque
1504 492 1713 546 venturi
1742 493 1808 546 ad
1837 502 1886 557 Α
1912 510 2180 563 nunquam
2210 496 2389 549 audita
2422 499 2434 545 i
2475 500 2787 553 contemnit.
2822 500 2899 555 Illi
2928 504 3018 570 qui
3048 505 3228 558 obedit
3255 508 3474 574 etfacit,

240 581 585 650 baptismum,
618 588 676 633 ut
714 595 872 635 aures
921 596 1046 634 suas
1074 580 1140 635 ab
1186 581 1329 635 omni
1375 581 1515 633 malo
1562 589 1618 635 et
1664 581 1806 650 turpi

240 672 399 726 verbo
451 672 757 740 impollutas
803 671 870 725 ad
919 671 1075 725 ﬁnem
1125 687 1291 739 usque
1342 673 1676 737 custodiant,
1726 673 1809 725 vel

239 761 603 815 detrahentem
630 761 875 829 proximo
896 776 1014 825 suo,
1040 771 1063 797 ⁸
1094 762 1173 814 vel
1203 761 1434 815 obscena
1464 769 1519 814 et
1547 761 1808 829 impudica

242 851 546 918 loquentem
574 851 725 919 quasi
755 850 900 904 surdi
928 866 1033 904 non
1083 851 1319 913 audiant,
1352 852 1634 920 implentes
1664 853 1808 904 illam

241 937 429 992 divina:
456 937 743 1007 Scriptum
772 940 1091 993 sententiam
1116 956 1218 1007 qua
1240 941 1433 994 dicitur
1462 958 1474 992 :
1502 941 1623 1010 Sepi
1653 957 1805 993 aures

241 1038 349 1083 tuas
395 1032 581 1099 spinis,
627 1038 675 1082 et
722 1031 825 1082 noli
868 1030 1048 1083 audire
1085 1031 1313 1101 linguam
1358 1047 1574 1099 nequam
1623 1029 1807 1101 (Eccli.

241 1136 416 1183 xxviii,
436 1118 544 1187 28).
566 1118 633 1172 Et
652 1120 807 1171 alibi:
828 1118 912 1172 Ne
931 1120 1108 1173 credas
1130 1121 1327 1173 auditui
1349 1137 1495 1173 vano.
1516 1119 1578 1173 Et
1599 1136 1807 1174 rursus:

240 1207 322 1260 Da
351 1209 404 1260 in
434 1208 706 1280 disciplina
737 1224 825 1260 cor
861 1216 1017 1272 tuum,
1050 1218 1097 1260 et
1126 1225 1257 1277 para
1285 1225 1460 1261 aurem
1491 1216 1626 1260 tuam
1650 1208 1811 1261 verbis

238 1297 521 1367 prudentia:
550 1295 730 1364 (Prov.
760 1312 913 1361 XXIII;
944 1295 1107 1350 Eccli.
1132 1295 1211 1365 ιι).
1241 1296 1380 1363 Ergo
1410 1296 1646 1349 adhibita
1672 1296 1814 1349 auri-

237 1386 333 1439 bus
358 1386 538 1439 unctio
567 1393 749 1439 sancta
779 1384 1062 1453 signiﬁcat,
1098 1394 1156 1439 ut
1181 1402 1369 1439 omnes
1397 1394 1547 1439 extra
1575 1386 1812 1454 discipli-

240 1490 359 1529 nam
391 1489 684 1537 sermones,
724 1475 877 1542 quasi
905 1475 1162 1529 doctrina:
1190 1473 1387 1528 Christi
1417 1474 1444 1511 ι)
1474 1474 1815 1542 obloquentis

238 1573 549 1621 aversentur
576 1580 638 1619 ac
666 1564 887 1632 fugiant,
919 1579 1083 1632 seque
1124 1564 1189 1617 ad
1235 1565 1346 1618 sola
1392 1564 1486 1617 Dei
1530 1564 1690 1617 verba
1720 1578 1816 1616 au-

238 1655 429 1709 dienda
472 1662 819 1719 convertant,
851 1655 975 1727 quia
1010 1667 1029 1692 ε
1079 1655 1211 1709 illito
1240 1654 1361 1708 oleo
1390 1654 1627 1707 auditum
1658 1669 1813 1707 suum

240 1743 437 1799 Christi
459 1744 685 1811 eloquiis
711 1742 734 1778 ἀ
759 1751 1225 1798 conservaverunt.
1260 1744 1376 1813 Ipse
1399 1745 1537 1797 enim
1569 1743 1816 1797 Salvator

238 1832 474 1900 loquitur
502 1832 567 1886 ad
594 1831 828 1898 Patrem,
860 1841 913 1885 et
946 1831 1014 1885 de
1044 1833 1348 1887 obedientia
1377 1833 1641 1887 credentis
1674 1834 1725 1885 in
1755 1849 1813 1886 se
1848 1861 1890 1918 Β

243 1924 424 1993 populi
453 1924 729 1992 gloriatur,
772 1924 953 1978 dicens
990 1942 1001 1976 :
1052 1924 1377 1993 Sacriﬁcium
1415 1934 1463 1977 et
1508 1924 1813 1977 oblationem

240 2014 468 2079 noluisti,
514 2030 665 2066 aures
712 2022 881 2067 autem
929 2014 1186 2083 perfecisti
1232 2015 1356 2067 mihi
1399 2014 1567 2084 (Psal.
1608 2014 1811 2083 χχχιχ).

241 2101 390 2155 Tunc
418 2102 556 2157 enim
598 2118 752 2156 aures
780 2118 908 2157 vere
950 2104 1179 2157 ﬁdelium
1222 2103 1416 2158 Christi
1447 2104 1813 2174 perﬁciuntur,

238 2193 449 2262 quando
471 2194 596 2247 nihil
623 2202 816 2262 praeter
837 2194 1125 2259 Christum.
1149 2203 1203 2248 et
1227 2210 1288 2249 ea
1309 2210 1427 2263 qua:
1447 2194 1645 2249 Christi
1672 2208 1813 2260 sunt,

238 2281 423 2337 audire
442 2282 744 2336 desiderant
770 2293 813 2335 θ.
842 2282 993 2337 Unde
1016 2283 1067 2336 in
1091 2283 1378 2352 Evangelia
1399 2285 1538 2339 idem
1562 2286 1816 2340 Dominus

239 2372 301 2426 de
327 2372 561 2426 cmlestis
588 2372 738 2440 regni
764 2373 1017 2442 mysterio
1046 2388 1168 2427 cum
1198 2374 1528 2442 loqueretur,
1559 2374 1771 2429 dicebat
1798 2394 1810 2428 :

242 2458 335 2524 Qui
354 2463 514 2532 711
540 2461 687 2514 habet
710 2478 857 2515 aures
877 2462 1141 2528 audiendi,
1163 2463 1340 2515 audiat
1365 2462 1576 2534 (Matth.
1602 2480 1673 2529 χι,
1700 2480 1813 2529 xui;

240 2550 406 2604 Marc.
442 2568 515 2617 iv,
547 2562 597 2604 et
621 2551 795 2621 alibi).
842 2551 972 2605 Nam
1003 2568 1123 2606 eum
1161 2554 1397 2607 omnium
1438 2569 1721 2608 commune
1749 2555 1816 2608 sit

241 2640 438 2695 habere
467 2656 642 2707 aures,
690 2650 867 2696 tamen
916 2643 1162 2696 audiendi
1210 2659 1368 2698 aures
1396 2660 1681 2700 commune
1707 2662 1815 2699 non

241 2737 335 2783 est.
368 2727 685 2798 Quicunque
713 2731 853 2783 enim
874 2729 968 2783 Dei
988 2731 1148 2784 verba
1176 2740 1543 2799 contemnunt,
1575 2736 1817 2802 quamvis

240 2835 342 2874 non
387 2822 596 2890 possint
641 2830 1004 2889 contemnere,
1036 2823 1137 2877 nisi
1180 2825 1327 2893 prius
1354 2825 1604 2888 audiant,
1639 2834 1815 2880 tamen

240 2910 357 2977 quia
378 2919 732 2964 contemnunt
756 2912 897 2979 quod
926 2913 1166 2981 audiunt,
1191 2930 1289 2969 nec
1310 2914 1524 2969 audisse
1546 2916 1813 2984 dicuntur,

242 3001 355 3068 quia
384 3016 506 3070 qua:
541 3002 821 3056 audierunt
856 3011 1108 3072 tanquam
1152 3020 1255 3059 non
1286 3006 1464 3059 audita
1496 3006 1812 3076 despiciunt.

243 3089 306 3144 Et
332 3091 456 3146 ideo
484 3093 683 3147 habent
727 3095 814 3149 isti
863 3111 1039 3163 aures,
1073 3111 1179 3150 non
1222 3113 1339 3165 quae
1368 3114 1522 3153 aures
1568 3101 1815 3155 audiendi

244 3196 354 3236 esse
387 3181 408 3220 τ
437 3184 704 3247 dicuntur,
748 3185 839 3240 sed
880 3201 1032 3241 aures
1060 3204 1174 3256 qna'
1209 3189 1425 3244 audiunt
1464 3205 1532 3244 ne
1568 3192 1812 3254 audiant,
1846 3226 1889 3287 Ο

245 3272 292 3326 id
314 3282 415 3335 est,
448 3281 506 3327 ut
533 3289 595 3328 ea
623 3290 739 3343 quae
779 3276 1042 3329 audierint
1082 3276 1233 3344 quasi
1265 3292 1553 3345 nunquam,
1583 3287 1639 3332 ut
1679 3281 1816 3333 dixi-

248 3381 381 3433 mus,
413 3366 597 3420 audita
629 3376 990 3421 contemnant.
1040 3367 1151 3420 Soli
1182 3376 1356 3421 autem
1401 3370 1475 3422 illi
1520 3384 1673 3423 aures
1719 3386 1817 3424 au-

244 3453 421 3509 diendi
452 3456 649 3509 habere
695 3456 943 3510 dicuntur
970 3471 999 3509 a
1029 3455 1259 3520 Christo,
1304 3459 1392 3526 qui
1439 3475 1560 3512 cum
1603 3461 1817 3514 auribus

245 3544 480 3608 audiunt,
512 3546 731 3598 ﬁrmiter
757 3547 933 3599 animo
962 3547 1361 3614 commendant,
1392 3556 1445 3601 et
1472 3550 1613 3616 quod
1640 3552 1817 3603 animo

245 3638 271 3676 ε
299 3631 638 3698 tradiderint,
669 3634 920 3701 operibus
964 3644 1344 3703 exsequuntur.
1392 3637 1468 3691 De
1516 3638 1817 3707 hujusmodi

244 3721 573 3777 auditoribus
612 3723 868 3778 Dominus
909 3725 959 3777 in
1002 3723 1292 3793 Evangelio
1339 3727 1608 3796 loquitur:
1652 3728 1817 3781 Vestri

242 3820 411 3865 autem
456 3810 586 3865 beati
626 3815 788 3879 oculi,
834 3816 919 3884 qui
970 3814 1171 3879 vident;
1202 3826 1252 3869 et
1278 3834 1429 3870 aures
1470 3830 1673 3881 vestrtv,
1704 3835 1818 3889 qua:

243 3904 462 3958 audiunt
491 3904 708 3977 (Matth.
736 3908 878 3977 xui).
926 3906 990 3960 Et
1019 3924 1201 3962 rursus
1245 3927 1257 3961 :
1302 3909 1481 3964 Omnis
1524 3920 1691 3965 autem
1732 3913 1817 3981 qui

244 3996 387 4048 audit
417 3996 568 4049 verba
618 4015 729 4051 mea
777 3999 884 4052 hwc
929 4007 976 4051 et
1024 4000 1147 4069 facit
1184 4016 1266 4065 ea,
1298 4001 1667 4055 assimilabitur
1712 4004 1816 4056 viro

245 4087 467 4155 sapienti
513 4089 597 4155 qui
648 4088 922 4157 ardi/icavit
969 4088 1173 4142 domum
1206 4106 1351 4142 suam
1388 4107 1543 4159 supra
1580 4103 1814 4156 petram:

244 4184 291 4225 et
310 4175 573 4227 descendit
600 4176 799 4245 pluvia,
849 4185 897 4229 et
926 4188 1169 4230 venerunt
1192 4179 1432 4246 ﬂumina,
1490 4188 1537 4231 et
1567 4182 1819 4247 ﬂaverant

244 4268 377 4318 renti
398 4275 450 4317 et
476 4276 719 4319 venerunt
740 4269 793 4319 in
816 4268 1022 4321 domum
1041 4269 1215 4333 illaut,
1261 4276 1307 4321 et
1336 4285 1440 4321 non
1463 4270 1673 4332 cecidit,
1705 4271 1819 4339 fun-

246 4355 364 4408 data
376 4358 515 4409 enim
529 4367 805 4426 eratsupra
822 4359 1027 4427 firmam
1043 4370 1241 4425 petram
1255 4358 1464 4428 (Matth.
1484 4376 1551 4413 vn
1566 4369 1613 4411 et
1628 4360 1812 4430 seqq.).

247 4442 450 4498 Rursus
465 4445 529 4499 de
544 4446 684 4501 male
706 4446 1063 4511 audientibus,
1082 4448 1171 4515 qui
1190 4447 1381 4501 habent
1405 4448 1616 4515 quidem
1639 4464 1817 4514 aures,

1908 586 2198 651 sapientia;
2231 587 2354 640 huic
2400 588 2489 655 qui
2537 593 2879 659 contempsit,
2920 594 3143 649 stultitia
3173 598 3474 668 deputatur.

1908 673 2001 727 Ille
2029 691 2191 744 super
2222 677 2446 731 solidum
2467 678 2692 733 aediﬁcat
2721 680 3135 754 fundamentum,
3167 688 3323 757 hujus
3343 706 3479 748 vana

1909 763 2210 830 :ediﬁcatio,
2235 773 2289 820 et
2309 767 2510 835 absque
2537 768 2881 825 fundamento
2902 772 3055 829 facile
3073 792 3259 834 casura
3282 780 3481 840 descri-

1910 856 2073 910 bitur.
2102 856 2181 911 lbi
2209 858 2492 926 stabilitas,
2540 860 2627 914 hic
2672 863 2827 917 ruina
2874 874 2972 931 est,
3005 877 3058 921 et
3086 870 3237 924 ruina
3266 889 3478 942 magna.

1910 945 2077 999 Nemo
2121 947 2261 1000 enim
2301 951 2512 1014 gravius
2540 953 2742 1006 corruit
2768 970 2924 1023 quam
2964 959 3074 1025 qui,
3106 962 3286 1015 audito
3314 966 3480 1022 verbo

1911 1033 2029 1101 Dei,
2078 1034 2143 1089 ad
2189 1046 2408 1104 peccata
2454 1042 2803 1107 convertitur,
2856 1055 3074 1114 propter
3117 1065 3236 1118 qua:
3281 1064 3479 1111 mterna

1911 1125 2169 1193 supplicia
2223 1136 2517 1196 praeparata
2568 1138 2711 1185 sunt.
2767 1133 2878 1188 Vos
2931 1146 3143 1202 autem,
3202 1154 3479 1214 postquam

1912 1221 2103 1267 vestrae
2124 1230 2281 1270 aures
2301 1217 2421 1271 oleo
2442 1218 2725 1274 benedicto
2745 1230 2866 1275 sunt
2886 1224 3050 1295 illiue,
3075 1229 3331 1298 designati
3352 1239 3483 1293 estis

1914 1306 1965 1358 in
1995 1322 2219 1362 numero
2247 1309 2547 1363 auditorum
2569 1313 2902 1381 sapientum;
2934 1327 2993 1371 ut
3018 1330 3162 1375 recte
3190 1327 3481 1386 retinentes

1915 1393 2009 1489 Diei
2036 1396 2225 1489 verba,
2260 1398 2309 1451 id
2358 1408 2439 1489 est
2479 1416 2597 1468 qua:
2645 1404 2866 1459 audistis
2914 1409 3211 1479 implentes,
3246 1419 3399 1489 712
3428 1423 3480 1475 in

1914 1480 2000 1535 die
2040 1482 2225 1549 judieii
2297 1486 2524 1542 audiatis
2590 1492 2739 1547 vobis
2807 1495 3077 1552 Christum
3149 1480 3413 1562 dicente;
3466 1530 3479 1563 ε

1923 1569 2130 1635 Venite,
2165 1573 2415 1628 benedicti
2445 1577 2625 1632 Patris
2654 1584 2782 1649 mei,
2813 1589 3055 1657 suscipite
3083 1603 3321 1660 paratum
3343 1603 3482 1654 vobis

1915 1676 2126 1729 regnum
2173 1679 2206 1715 a
2254 1666 2614 1721 constitutione
2662 1673 2839 1726 mundi
2868 1674 3092 1744 (Matth.
3145 1685 3301 1755 xxv).

1915 1758 2115 1851 autem“
2141 1767 2248 1805 non
2279 1756 2472 1816 otiose.
2523 1773 2695 1826 neque
2723 1763 2921 1831 absque
2960 1778 3103 1823 certa
3134 1776 3342 1831 ratione
3372 1796 3481 1851 my-

1916 1839 2062 1890 sterii
2090 1838 2286 1893 factum
2314 1845 2532 1910 putetis,
2565 1850 2707 1914 quod
2737 1866 2892 1907 nares
2909 1870 3122 1926 quoque
3145 1874 3344 1920 vestras
3364 1838 3483 1923 oleo

1919 1928 2304 1987 benedictionis
2334 1937 2679 2003 adunxiinus;
2710 1945 2853 2009 quod
2882 1947 3077 2003 idcirco
3101 1950 3213 2007 ﬁeri
3234 1956 3483 2028 intelligi»

1922 2025 2026 2086 tur,
2057 2028 2115 2072 ut
2155 2021 2207 2075 hi
2236 2024 2327 2090 qui
2359 2024 2423 2078 ad
2452 2026 2771 2094 baptismum
2815 2036 3054 2104 veniunt,
3100 2021 3489 2104 admoneaiiiur

1919 2109 2051 2161 tanti
2079 2114 2317 2180 mysterii
2357 2127 2744 2172 sacramentum
2776 2137 2941 2190 usque
2968 2128 3033 2181 ad
3062 2141 3289 2186 mortem
3314 2138 3484 2193 invio-

1919 2196 2084 2251 latum
2111 2208 2271 2267 atque
2295 2203 2559 2271 integrum
2588 2210 2873 2277 custodire,
2909 2223 2964 2267 ut
2983 2220 3217 2283 quandiu
3244 2226 3486 2293 spiritum

1918 2289 2039 2342 vitae
2067 2291 2220 2359 hujus
2249 2296 2464 2349 naribus
2503 2299 2612 2352 suis
2639 2303 2939 2369 attrahunt,
2986 2323 3016 2361 a
3045 2310 3237 2367 Christi
3272 2289 3484 2376 Domini

1919 2383 2086 2435 nostri
2110 2384 2317 2438 cultura
2348 2394 2402 2439 et
2428 2389 2647 2443 servitio
2677 2406 2781 2446 non
2812 2398 3083 2453 recedant.
3120 2400 3274 2459 Unde
3302 2414 3357 2460 et
3383 2409 3485 2463 Joh

1917 2471 2000 2568 vir
2028 2482 2241 2527 sanctus
2262 2475 2497 2544 loquitur
2523 2498 2535 2531 :
2572 2480 2702 2534 Vivit
2724 2483 2990 2551 Dominus,
3015 2494 3099 2559 qui
3124 2493 3331 2550 abstulit
3344 2500 3487 2568 judi-

1918 2564 2052 2616 cium
2081 2582 2265 2631 meum,
2298 2576 2345 2621 et
2378 2568 2732 2642 Omnipotens,
2760 2580 2844 2647 qui
2872 2580 2940 2632 ad
2967 2564 3360 2645 amaritudinem
3388 2596 3486 2647 ad-

1919 2652 2066 2706 duxit
2095 2658 2323 2710 animam
2364 2676 2561 2727 meam,
2604 2667 2724 2734 quia
2762 2667 2919 2722 donec
2954 2686 3181 2741 superest
3220 2680 3405 2737 halitus
3433 2689 3486 2740 in

1920 2760 2001 2796 me
2027 2754 2075 2797 et
2103 2747 2313 2815 spiritus
2334 2748 2432 2802 Dei
2452 2751 2505 2803 in
2527 2754 2739 2808 naribus
2759 2759 2900 2823 meis,
2933 2777 3035 2816 non
3056 2764 3486 2835 loquentur-labia

1920 2848 2031 2885 mea
2060 2834 2395 2905 iniquitatem,
2421 2856 2510 2893 nec
2533 2841 2709 2912 lingua
2738 2863 2849 2899 mea
2877 2834 3483 2919 loqueturrntendacium.

1919 2925 2065 2977 Absit
2092 2944 2123 2978 a
2148 2943 2227 2980 me
2251 2939 2303 2981 ut
2324 2931 2495 2999 justas
2524 2950 2607 2987 vos
2629 2937 2883 3005 judicem;
2914 2942 3072 2997 donec
3102 2947 3360 3018 deﬁciam,
3384 2970 3487 3009 non

1921 3013 2155 3067 recedam
2216 3016 2280 3069 ab
2325 3019 2617 3075 innocentia
2670 3042 2804 3079 mea.
2851 3013 3279 3101 Justiﬁcationem
3336 3013 3487 3111 qudm

1921 3105 2076 3157 semel
2107 3116 2276 3160 tenere
2300 3112 2428 3179 ccepi
2458 3129 2559 3165 non
2589 3114 2816 3171 deserant
2841 3120 2959 3188 (Job
2985 3125 3135 3195 χιιι).
3180 3127 3287 3183 Sed
3316 3105 3487 3191 adhuc

1922 3195 2164 3249 subtilior
2192 3198 2492 3254 intellectus
2516 3203 2566 3256 in
2590 3205 2691 3260 hac
2718 3210 2920 3263 narium
2951 3216 3203 3272 unctione
3227 3221 3483 3289 signatur.

1918 3283 2063 3341 Illitts
2091 3288 2232 3341 enim
2262 3291 2364 3343 olei
2395 3292 2546 3355 odor,
2575 3298 2716 3363 quod
2745 3299 2799 3351 in
2828 3300 3024 3357 Christi
3048 3283 3353 3366 nominevet
3380 3318 3487 3370 vir-

1920 3383 2035 3475 tute
2062 3377 2397 3434 benedictum
2427 3390 2525 3448 est,
2559 3385 2625 3437 ad
2656 3387 2935 3445 odoratum
2964 3408 3062 3448 vos
3092 3411 3346 3464 provocat
3372 3409 3483 3475 spi-

1918 3468 2150 3535 ritalem,
2183 3478 2241 3523 ut
2268 3487 2372 3524 non
2404 3477 2665 3543 corporis,
2708 3480 2799 3532 sed
2831 3485 3023 3539 mentis
3063 3489 3305 3544 sensibus
3332 3468 3485 3548 Chri-

1917 3565 2054 3611 stum
2103 3560 2453 3616 inaestimabili
2486 3567 2743 3622 suavitate
2786 3571 2981 3625 sentire
3019 3577 3260 3642 possitis;
3310 3590 3364 3634 et
3392 3584 3483 3638 de-

1918 3647 2094 3702 lectati
2114 3648 2133 3684 ιί
2161 3651 2347 3704 notitia
2369 3653 2477 3707 oris
2498 3653 2583 3721 eju
2598 3672 2632 3721 λ,
2658 3658 2818 3726 ipsius
2838 3662 3055 3730 vestigia
3078 3666 3482 3741 subsequentcs,

1917 3738 2097 3793 dicere
2117 3742 2335 3798 valeatis
2354 3744 2480 3799 illud
2503 3749 2643 3814 quod
2666 3751 2730 3802 ad
2758 3751 2918 3805 Deum
2940 3756 3266 3813 credentium
3288 3738 3483 3821 chorus

1918 3828 2151 3896 loquitur
2175 3848 2187 3882 :
2218 3831 2343 3885 Post
2372 3843 2417 3885 te
2436 3834 2491 3887 in
2514 3838 2721 3891 odorem
2753 3853 3119 3910 unguentorum
3149 3858 3348 3904 tuorum
3369 3870 3483 3908 cur-

1918 3920 2074 4010 rimus
2106 3919 2276 3989 (Cant.
2310 3924 2379 3992 ι).
2410 3923 2561 3980 Hunc
2592 3928 2807 3983 odorem
2838 3938 3174 3991 commendat
3201 3939 3484 4010 Apostolus

1918 4008 2235 4063 Christianis
2264 4030 2383 4066 cum
2410 4014 2538 4069 dicit
2564 4035 2574 4068 :
2603 4016 2711 4072 Deo
2738 4032 2906 4075 autem
2931 4029 3128 4095 gratias
3145 4070 3159 4093 ,
3192 4008 3277 4098 qui
3304 4036 3482 4089 trium-

1916 4100 2040 4168 phat
2084 4117 2178 4153 nos
2206 4103 2257 4154 in
2292 4103 2493 4157 Christo
2518 4105 2670 4171 .Icsu,
2702 4118 2749 4160 et
2778 4112 2983 4165 adorent
3012 4120 3208 4172 notitiw
3232 4138 3338 4176 sua:
3373 4141 3485 4178 ma-

1916 4189 2128 4258 nifestat
2154 4207 2244 4259 per
2263 4208 2353 4244 nos
2377 4194 2426 4244 in
2464 4197 2606 4247 omni
2629 4196 2756 4260 loco,
2800 4202 2918 4268 quia
2948 4202 3136 4258 Christi
3165 4206 3328 4263 bonus
3358 4214 3485 4267 odor

1917 4294 2089 4331 sumus
2112 4278 2219 4332 Deo
2244 4279 2331 4350 (II
2351 4280 2468 4334 Cor.
2488 4282 2573 4351 ιι).
2599 4283 2943 4341 Considerate
2963 4302 3216 4357 quantum
3254 4305 3482 4367 apostoli

1916 4368 2240 4437 profecerim
2261 4372 2536 4425 sentiendo
2557 4374 2776 4428 odorem
2801 4378 3013 4445 Christi,
3040 4378 3056 4417 1
3081 4392 3271 4439 etcum
3292 4392 3483 4457 [ιι-ωιιὶ-

1918 4457 2141 4511 cationis
2172 4459 2474 4514 innocentia
2503 4472 2557 4515 et
2584 4465 2864 4521 sanctitate
2908 4470 3029 4524 vitae
3075 4474 3233 4529 etiam
3275 4483 3483 4536 cmteris

244 4534 592 4635 sedunondn
638 4536 953 4635 obediendo,
1006 4537 1077 4589 ita
1126 4538 1470 4605 pronuntiat:
1506 4534 1685 4590 Omnis
1731 4540 1817 4608 qui
1846 4574 1892 4631 υ
1919 4547 2322 4616 prmfcrendum,
2379 4554 2488 4621 qui,
2534 4554 2656 4609 dum
2705 4557 2925 4611 odorem
2978 4564 3124 4616 suavi
3182 4534 3481 4635 fragrantire

246 4624 391 4677 audit
419 4625 569 4678 verba
603 4641 714 4677 mea
737 4626 844 4678 lucc
869 4634 917 4678 et
945 4642 1049 4679 non
1084 4628 1207 4696 facit
1241 4643 1331 4694 ea,
1372 4628 1557 4680 similis
1591 4630 1685 4679 erit
1707 4630 1813 4680 viro

249 4716 403 4768 stulto
434 4718 516 4784 qui
539 4717 814 4785 mdiﬁcavit
839 4716 1045 4769 domum
1074 4732 1217 4769 suam
1246 4734 1402 4784 supra
1424 4733 1634 4769 arenam
1659 4733 1676 4769 :
1711 4715 1737 4752 δ
1765 4726 1812 4769 et

246 4807 511 4859 descendit
537 4808 725 4877 pluvia,
758 4817 806 4859 et
832 4808 869 4875 ﬂ
888 4816 1083 4859 .verunt
1108 4810 1239 4861 venti
1273 4816 1320 4861 et
1348 4810 1605 4861 irruerunt
1643 4808 1697 4859 in
1723 4807 1809 4859 do-

249 4911 385 4947 mum
412 4895 583 4958 illam,
603 4905 650 4947 et
677 4896 873 4959 cecidit,
890 4904 939 4949 et
961 4896 1058 4965 fuit
1085 4897 1237 4949 ruina
1262 4897 1370 4965 ejus
1392 4914 1580 4967 magna
1602 4896 1811 4967 (Ibid.).

252 4982 456 5037 Videtis
482 4997 611 5051 ergo
640 4993 896 5051 quantum
936 4984 1145 5039 intersit
1186 4986 1325 5039 inter
1350 4986 1485 5039 bene
1513 4985 1814 5039 audientem

248 5076 301 5123 et
327 5072 471 5126 male
498 5072 797 5126 audientem
827 5089 840 5125 :
870 5072 925 5127 id
951 5080 1079 5155 est,.
1113 5074 1251 5127 inter
1277 5090 1399 5128 eum
1444 5076 1536 5142 qui
1582 5074 1817 5129 custodit

248 5160 413 5214 verba
460 5160 576 5228 Dei,
613 5160 627 5197 ί
658 5169 712 5215 et
754 5162 894 5214 inter
922 5176 1043 5215 eum
1071 5163 1160 5231 qui
1190 5178 1253 5215 ea
1282 5164 1535 5228 audierit,
1580 5172 1634 5217 et
1664 5164 1812 5232 quasi

320 5280 345 5340 ξ·
387 5269 482 5340 Yet
508 5270 746 5335 obscene,
769 5270 845 5323 vel
871 5269 1140 5340 impudice.

316 5337 344 5378 b
378 5338 735 5411 leoquentes.

318 5418 341 5446 ε
376 5408 533 5462 Illita
548 5411 636 5463 illo
664 5413 790 5465 oleo.

316 5476 344 5513 ά
379 5478 773 5533 Consecrarunt.

320 5558 346 5617 ’ξ
384 5546 532 5617 Unde
558 5560 605 5601 et
633 5552 684 5603 in
715 5548 1013 5617 Evangelia.

322 5614 343 5654 ι
378 5614 649 5671 Dicuntur.

319 5694 345 5732 Ζ
380 5683 740 5740 Tradiderunt.

316 5756 346 5792 υ
378 5753 452 5806 Et
471 5756 721 5811 descendit
750 5761 947 5827 pluria,
968 5768 1013 5812 et
1044 5766 1283 5813 venerunt
1320 5758 1558 5821 ﬂumina,
1590 5765 1636 5808 et
1654 5758 1813 5823 [lave-

1919 4638 2113 4691 Christi
2144 4649 2180 4675 αι
2213 4641 2442 4709 undique
2470 4642 2781 4709 diffundunt,
2814 4648 2909 4715 ipsi
2938 4665 3148 4718 quoque
3178 4653 3345 4709 bonus
3371 4657 3483 4713 Deo

1922 4727 2055 4780 odor
2075 4728 2247 4781 effecti
2274 4740 2415 4783 sunt.
2434 4731 2584 4796 Quod
2604 4735 2765 4787 etiam
2786 4736 2839 4788 in
2864 4738 3029 4804 vobis,
3046 4739 3233 4797 fratres
3255 4745 3485 4801 dilectis-

1922 4817 2060 4881 simi,
2092 4822 2331 4886 cupimus
2376 4822 2610 4889 impleri;
2645 4832 2701 4877 ut
2728 4840 2847 4878 cum
2892 4827 2992 4895 ipsi
3022 4829 3217 4885 bonum
3262 4836 3484 4893 odorem

1922 4907 2116 4963 Christi
2156 4910 2355 4963 notitia:
2384 4913 2653 4979 ceperitis,
2692 4916 3032 4972 suavissimus
3062 4921 3172 4976 Deo
3200 4925 3334 4980 odor
3362 4938 3385 4964 ιι
3416 4946 3481 4984 ex

1922 4999 2043 5053 vitae
2071 5001 2232 5053 etiam
2260 5008 2448 5055 vestra:
2476 5004 2755 5059 sanctitate
2799 5009 3136 5064 conscendat.
3178 5013 3278 5069 Per
3306 5018 3485 5075 Domi-

1922 5105 2046 5143 num
2062 5130 2075 5154 ,
2108 5099 2212 5146 etc.

1922 5281 2039 5325 runt
2069 5281 2181 5324 vent

2001 5281 2039 5323 tt
2069 5281 2181 5324 vent

2000 5341 2015 5421 ξ
2047 5340 2119 5425 ξι
2147 5274 2278 5394 ξιξῗεν
2299 5356 2418 5425 eum
2438 5342 2521 5408 qui
2550 5357 2664 5395 eum
2693 5342 2911 5398 audierit
2939 5351 3084 5417 quasi
3106 5368 3382 5425 nunquam.

1991 5414 2004 5461 i
2043 5410 2346 5464 Contemnit.

1989 5480 2015 5518 ιι
2049 5480 2247 5534 Notitia
2275 5479 2445 5532 odoris
2473 5480 2601 5547 ejus.

1994 5550 2009 5588 1
2045 5549 2112 5602 ισῖε
2138 5548 2655 5623 cumprwdicationis
2696 5552 2965 5623 instantia,
3002 5566 3048 5610 ct
3076 5564 3346 5617 sanctitate
3373 5564 3484 5620 vita

1924 5622 2071 5673 etiam
2100 5619 2298 5671 cwteris
2326 5619 2665 5685 praeferendo.

1990 5701 2026 5726 ιη
2056 5688 2252 5759 Ubique
2278 5702 2375 5754 pro
2399 5687 2639 5759 undique.

1989 5770 2013 5795 ο
2042 5758 2213 5813 Etiam
2234 5774 2298 5812 ex
2319 5766 2495 5812 vestra:
2518 5758 2632 5813 vita:
2650 5767 2927 5822 sanctitate
2951 5769 3215 5826 ascendat.
