4054 6194
553 380 648 438 771
1772 379 1827 434 S.
1868 380 2111 435 MAXIM!
2149 379 2597 435 TAURINENSlS

555 505 613 551 et
633 497 933 571 proximum
963 506 1299 571 sumnmpere
1330 492 2003 571 COIlllllCiliit'L‘{ltili-illique
2032 492 2147 559 ejus
2174 490 2603 571 mandatanhune
2622 490 2683 540 ad
2710 488 2872 567 tinem
2905 488 3236 570 dirigantur?
3272 489 3468 546 Judazis
3506 499 3682 545 autem
3711 509 3798 571 su.

595 558 723 618 ei'be
759 564 1081 631 jactantilms
1108 558 1186 613 se
1214 572 1362 628 patre
1386 580 1415 613 n
1447 562 1644 613 habere
1678 558 1939 631 Abraham
1972 558 2131 628 atque
2172 561 2378 627 signum
2409 558 2492 631 fw
2513 562 2657 631 lcris_
2674 558 2787 631 ejus
2816 574 2911 611 sua
2952 559 3216 631 inparue
3251 570 3482 631 gestare,
3516 562 3801 631 respo..det

595 581 723 618 crne
759 581 1081 631 ιδοιειηιιιηιδ
1108 581 1163 613 Sl'
1214 581 1362 628 νειιῐὉ
1386 581 1415 613 ll
1449 581 1644 613 llZIUL'I'C
1678 581 1939 613 .‘\Ui':lll‘.llll
1972 581 2131 628 ιιιψιυ
2172 581 2378 627 διδιιιιξιι
2422 581 2492 611 Ill!
2514 581 2636 609 N‘l'iﬁ
2674 581 2787 622 ’Σμὺ
2816 581 2911 611 sua
2953 581 3002 611 Ill
3045 581 3207 613 carne
3251 581 3482 626 gestare,
3516 581 3801 629 I'CSPOJIL‘I

556 581 840 695 finimus,
874 632 1138 684 Abraham
1170 647 1275 683 non
1308 647 1373 683 ex
1420 630 1821 699 circumcisione
1844 630 2191 697 justilicatum
2220 643 2359 689 esse,
2392 627 2602 680 dicente
2627 629 2900 699 Seriptura
2923 628 3086 682 verbo
3127 628 3220 682 Dei
3245 629 3555 696 credidisse,
3584 630 3802 699 ejusque

561 700 989 756 benedictionem
1013 709 1359 753 consecutum
1411 698 1465 752 Si
1496 712 1626 765 ergo
1654 699 1752 768 ipsi
1781 696 1870 753 lilii
1900 699 2129 752 Abraba:
2154 707 2492 768 reputantur,
2521 711 2643 749 eum
2672 697 2722 749 in
2750 696 3162 765 Redemptorem
3191 699 3474 753 credentes
3511 696 3800 753 imitentur.

560 770 777 824 Frustra
807 770 947 822 enim
978 783 1044 822 ex
1074 769 1499 829 circumcisione,
1551 766 1723 835 inquit
1745 768 1801 822 S.
1848 769 2057 831 doctor,
2090 768 2362 836 prmmium
2393 766 2580 836 salutis
2609 775 2950 836 exspectant;
2996 781 3116 820 cum
3166 768 3279 835 ipsa
3308 768 3360 821 in
3391 769 3599 835 signum
3627 767 3806 823 datum

561 838 714 892 fuerit
748 838 976 905 generis,
1003 847 1057 890 et
1077 847 1200 891 ante
1231 839 1397 906 ipsum
1429 837 1582 901 Abel,
1616 838 1775 900 Elius,
1809 837 2011 901 Enoch,
2034 836 2149 891 Noe
2177 844 2233 906 et
2259 835 2643 906 Melchisedech
2666 835 2917 906 sacerdos
2937 835 3244 906 summiADci
3264 838 3390 904 justi
3414 837 3669 906 appellati
3688 849 3806 893 sunt

562 923 631 961 cx
662 902 782 967 lide,
817 915 996 959 etnon
1019 902 1307 960 secundum
1334 922 1546 959 carnem
1573 908 1871 960 t‘ll‘rllllltfisi
1899 909 2128 959 luerunt.
2160 905 2293 958 Cum
2324 911 2500 957 autem
2530 902 2647 957 linis
2681 904 2808 971 legis
2837 905 2992 973 705
3021 904 3089 957 sit
3118 902 3379 971 Christus,
3402 902 3558 960 vét'us
3587 908 3677 961 illa
3703 908 3807 961 cir-

563 976 819 1030 cumcisio
848 976 1085 1029 habenda
1115 985 1194 1028 est
1226 984 1472 1043 tanquam
1503 977 1799 1044 symbolum
1827 991 1933 1045 quo
1958 977 1990 1026 li
2011 975 2139 1045 leles
2168 974 2235 1045 ab
2258 974 2717 1045 illecel)ris_cai'nis
2738 982 2981 1045 caveant,
3008 973 3270 1045 idolorum
3300 976 3567 1045 vanitates
3587 975 3806 1045 fugiant,

564 1055 619 1115 et
670 1045 1047 1115 cupiditatibus
1091 1045 1268 1097 szcculi
1306 1042 1857 1115 modumimponant.
1896 1044 1958 1097 In
2006 1042 2385 1115 Jesu_Christo,
2414 1043 2679 1115 scribebat
2710 1043 3007 1115 Apostolus
3034 1044 3255 1115 Calatis,
3287 1043 3466 1115 Neque
3492 1042 3811 1102 circumcisio

567 1110 763 1184 aliquid
791 1113 938 1175 valet,
966 1130 1122 1183 neque
1149 1115 1472 1183 prwpulinm,
1503 1114 1592 1167 sed
1612 1113 1759 1183 ﬁdes,
1786 1130 1899 1184 qua:
1926 1130 2015 1182 per
2043 1113 2309 1184 earilutem
2334 1120 2575 1184 operatur
2596 1110 2794 1184 (διατέμ.
2823 1116 2893 1177 v).
2925 1112 3002 1165 Aul
3033 1113 3270 1167 cwlestia
3293 1110 3454 1179 enim,
3480 1131 3587 1168 non
3613 1117 3684 1169 ad
3705 1123 3812 1168 ter—

566 1180 696 1237 rena
726 1198 844 1237 cum
874 1180 1115 1237 Christus
1150 1180 1325 1236 homo
1373 1180 1625 1245 cmlestis,
1656 1191 1713 1236 ut
1741 1180 1860 1235 cum
1904 1180 2137 1250 appellat
2165 1182 2472 1249 Apostolus,
2521 1196 2647 1233 suos
2683 1180 2913 1235 advocet
2954 1191 3266 1244 sectatores,
3301 1192 3406 1237 mm
3434 1184 3694 1248 camalia,
3722 1186 3814 1241 sed

568 1253 864 1321 spiritualia
892 1268 1053 1320 opera
1088 1253 1169 1321 eis
1198 1253 1453 1321 praecipit,
1473 1253 1675 1321 quibus
1699 1251 1864 1304 Deum
1896 1266 2004 1319 pne
2042 1251 2212 1321 oculis
2239 1264 2453 1321 semper
2484 1250 2759 1321 habentes,
2802 1251 2978 1303 omnia
3014 1252 3065 1304 in
3097 1251 3213 1317 ejus
3240 1252 3462 1318 gloriam
3491 1261 3673 1319 agant.
3704 1253 3815 1310 Hoc

567 1319 818 1375 viviﬁcali
848 1319 1056 1389 Spiritu,
1078 1319 1259 1389 jugmn
1285 1320 1413 1388 legis
1434 1319 1549 1388 ejus
1577 1336 1758 1384 suave,
1791 1330 1845 1373 ct
1872 1334 2007 1372 nllllS
2038 1319 2406 1373 mandatorum
2438 1319 2553 1372 leve
2582 1319 2961 1441 carperiuntur;
2985 1322 3125 1387 quod
3161 1321 3274 1388 ipse
3301 1335 3424 1374 eum
3451 1321 3815 1392 diligentibus,

567 1405 668 1441 suo
694 1406 964 1441 nunquam
994 1390 1144 1441 deest
1172 1390 1388 1441 :tuxilio.
1424 1399 1480 1441 ut
1507 1398 1763 1441 mternam
1792 1389 1889 1441 sibi
1919 1389 2144 1441 salutem
2176 1397 2599 1441 promet-eantur.
2667 1389 2842 1441 admos-
2872 1404 2998 1441 vero
3026 1391 3285 1441 iactantes
3309 1388 3555 1441 Messiam
3582 1390 3815 1441 futurum

567 1405 668 1443 suo
694 1388 964 1459 nunquam
994 1388 1388 1453 deestauxilio,
1424 1399 1480 1443 ut
1502 1398 1763 1459 aeternam
1792 1389 1889 1443 sibi
1919 1389 2154 1459 salutem
2176 1397 2599 1459 promereantur.
2631 1388 2842 1459 linteos
2872 1404 2998 1441 vero
3018 1391 3285 1459 jactantes
3309 1388 3816 1447 Messiam'futuruui

569 1473 771 1531 regem,
796 1456 1109 1531 atquecum
1139 1460 1306 1525 gloria
1333 1458 1685 1531 ctjmaiestatc
1715 1468 2019 1531 venturum,
2049 1457 2230 1510 multis
2250 1457 2492 1531 conlutat
2520 1456 2650 1531 Novi
2680 1456 3290 1531 Testamentioraculis,
3312 1473 3540 1525 quorum
3563 1461 3741 1531 aliqua
3765 1463 3817 1517 in

569 1529 742 1598 primo
783 1527 978 1581 Chriin
1005 1529 1233 1598 adventu
1283 1529 1515 1597 perfecte
1552 1527 1842 1595 adimplcta
1887 1528 2254 1590 demonstrat;
2288 1527 2491 1598 reliqua
2521 1527 2573 1580 in
2603 1526 2839 1580 secundo
2884 1527 3219 1598 adimplenda
3249 1536 3556 1596 supersunt.
3603 1526 3818 1598 quando

571 1596 794 1661 scilicet,
826 1605 882 1667 ut
908 1598 983 1649 ait
1012 1597 1337 1664 Augustinus
1368 1598 1442 1665 (α)
1473 1613 1592 1650 cum
1622 1598 1865 1667 claritate
1894 1598 2144 1663 potentia:
2166 1597 2390 1667 venerit.
2419 1596 2560 1667 Qupt
2586 1605 2891 1667 quantaque
2918 1596 2985 1649 ab
3014 1614 3078 1667 eo
3105 1598 3337 1652 cmlestis
3356 1596 3636 1667 sapientiai
3660 1601 3821 1654 docu-

571 1675 748 1720 menta
776 1663 1340 1731 audierunt?Quoties
1377 1663 1584 1719 divinas
1613 1667 1728 1732 ejus
1766 1665 2009 1719 admirati
2040 1673 2163 1717 sunt
2188 1666 2411 1718 virtutes
2431 1668 2454 1717 ?
2482 1663 2650 1730 Quam
2680 1680 2820 1733 saepe
2849 1666 3127 1732 languidos
3149 1666 3215 1719 ad
3245 1663 3607 1735 viresfwgros
3637 1668 3711 1722 ad
3738 1685 3820 1722 sa-

573 1736 814 1806 nitatem,
848 1745 1089 1789 mortuos
1130 1736 1401 1806 etiamad
1429 1736 1592 1806 vitam
1624 1736 1690 1788 ab
1730 1736 1846 1803 ipso
1873 1736 2150 1806 restitutos
2181 1735 2562 1806 inspexerunt?
2594 1735 2659 1785 At
2688 1742 2807 1806 post
2838 1735 2949 1806 ha‘c
2990 1736 3190 1806 omnia,
3214 1735 3361 1805 impii
3389 1737 3820 1806 blasphemantes

570 1803 773 1875 lesum,
803 1819 925 1875 cum
955 1805 1274 1875 diemonium
1305 1805 1501 1857 habere
1516 1801 1798 1875 dixerunt,
1830 1805 2165 1875 arreptisque
2197 1801 2721 1875 lapidibusfurentcs
2764 1804 2814 1856 in
2845 1804 2989 1857 illum
3022 1801 3307 1858 irrueruntI
3342 1807 3419 1858 Eo
3447 1801 3615 1874 usque
3637 1809 3749 1875 egit
3771 1810 3819 1861 in

574 1873 703 1941 ipsis
732 1873 939 1925 invidus
967 1872 1124 1937 liVer,
1152 1881 1207 1943 et
1237 1888 1374 1927 ecca
1407 1873 1646 1943 perﬁdia,
1679 1873 1955 1943 ut_justum
1987 1881 2041 1925 et
2071 1874 2429 1943 innocentem,
2461 1872 2754 1943 beneﬁcum
2781 1881 2836 1926 et
2863 1876 3183 1927 salvatorem
3212 1875 3387 1929 crucis
3415 1891 3491 1929 su
3517 1872 3820 1943 plicio'alli-

571 1948 756 2012 cerent
801 1950 960 2009 atque
990 1956 1019 1995 e
1059 1942 1190 2012 vivis
1236 1942 1673 1995 exterminarent.
1715 1941 1807 1995 "IS
1838 1957 1942 1995 non
1989 1950 2098 1994 tam
2148 1942 2323 2012 verbis
2361 1956 2520 2008 quam
2550 1942 2947 2012 Scripturarutu
2995 1944 3312 2012 testimoniis
3349 1941 3669 2012 persolutis,
3709 1963 3823 2000 om-

575 2010 663 2063 nia
710 2010 763 2064 in
812 2026 977 2063 unum
1029 2026 1058 2063 a
1107 2009 1336 2064 Maximo
1378 2021 1739 2079 congeruntur
1783 2019 2113 2079 argumenta,
2166 2011 2359 2079 quibus
2402 2019 2589 2063 contra
2626 2009 2837 2066 Judieos
2879 2011 3060 2065 Jesum
3104 2009 3371 2067 Christum
3417 2029 3601 2068 verum
3635 2009 3817 2077 Deum,

573 2094 864 2147 verumque
891 2080 1184 2145 hominem,
1220 2078 1628 2146 Redempturem
1660 2078 1900 2133 nostrum
1928 2078 2247 2133 audiendum
2276 2087 2330 2132 et
2364 2078 2694 2133 adorandmn
2717 2081 3120 2135 demonstravit.
3153 2079 3222 2135 Ut
3249 2083 3465 2137 tandem
3494 2084 3563 2137 ab
3592 2085 3822 2139 obdura-

3697 384 3795 438 τ’ἔδὲ

574 2148 721 2202 tione
744 2149 1084 2217 resipiscam,
1115 2158 1274 2217 atque
1306 2149 1357 2202 in
1391 2148 1605 2203 Christo
1637 2150 1813 2203 lumen
1845 2150 2086 2204 veritatis
2111 2150 2389 2218 aspiciant,
2420 2149 2542 2202 vita:
2574 2157 2787 2203 aeterna:
2816 2149 3168 2219 promissione
3196 2151 3531 2206 adhortatur.

644 2270 721 2339 (α)
750 2268 825 2323 De
844 2266 1001 2322 Civit.
1035 2268 1128 2321 Dci
1172 2267 1263 2321 lib.
1291 2283 1435 2328 xvm,
1469 2283 1585 2336 cap.
1622 2267 1707 2320 45.

586 2376 3777 2409 mm

1489 2503 2159 2617 SANCTI
2230 2504 2932 2616 MAXIM!

1017 2710 3373 2950 TBACTATUS.

1489 3013 2907 3050 ——————-.—-—-'—-——

1569 3128 2265 3214 TRACTATUS
2342 3126 2817 3208 PRIMUS.

1934 3261 2018 3316 DE
2054 3259 2393 3315 BAPTISMO
2419 3268 2464 3312 ’⁸.

645 3384 808 3456 709
833 3380 1018 3438 Omnis
1044 3381 1257 3451 quidem
1304 3379 1401 3435 Dei
1442 3393 1651 3441 sermo,
1703 3376 1731 3416 ιι
1784 3377 1993 3437 fratres,
2026 3390 2148 3429 cum
2180 3379 2224 3436 Α
2253 3379 2375 3427 acto
2412 3375 2523 3440 jam
2561 3373 2934 3443 mysteriorum
2979 3374 3200 3444 ordine,
3226 3379 3546 3448 exponimus
3586 3382 3735 3438 vobis
3762 3399 3822 3438 ca

578 3474 726 3531 mutii
755 3474 1049 3528 intentione
1070 3481 1125 3527 et
1143 3471 1415 3540 diligentia
1436 3470 1630 3525 mentis
1654 3468 1812 3523 debet
1836 3467 2025 3530 audiri,
2056 3465 2149 3520 sed

579 3562 668 3619 hic
705 3563 937 3617 maxime
976 3576 1137 3630 quem
1167 3560 1323 3615 hodie
1363 3558 1429 3612 ad
1472 3558 1748 3612 caritatem
1779 3565 2010 3610 vestram
2051 3553 2149 3606 ha-

578 3654 741 3709 bituri
769 3669 973 3709 sumus.
1004 3652 1130 3706 ldeo
1157 3651 1320 3717 enim,
1342 3648 1573 3703 dimissis
1596 3647 1708 3716 jam
1733 3645 2149 3708 catechumenis,

576 3757 677 3798 vos
706 3751 909 3797 tantum
938 3741 1003 3795 ad
1034 3740 1356 3794 audiendum
1396 3737 1742 3801 retinaimus;
1793 3736 1917 3805 quia
1963 3742 2155 3804 praeter

577 3833 668 3889 illa
714 3847 833 3900 qua:
878 3845 1065 3885 omnes
1105 3828 1439 3883 Christianos
1485 3827 1737 3881 convenit
1778 3827 1830 3879 in
1868 3839 2154 3880 commune

578 3936 812 3984 servare,
844 3917 1151 3987 specialiter
1191 3916 1260 3970 de
1286 3916 1591 3971 caelestibus
1631 3915 1899 3985 mysteriis
1928 3912 2156 3967 locuturi

578 4025 785 4074 sumus,
815 4021 933 4076 qua:
962 4005 1143 4060 audire
1172 4020 1277 4058 non
1303 4011 1545 4073 possunt,
1570 4003 1669 4057 nisi
1698 4002 1789 4071 qui
1817 4017 1901 4068 ea,
1923 4000 2157 4056 donante

577 4101 688 4172 jam
716 4098 962 4160 Domino,
996 4103 1370 4167 perceperunt.
1413 4093 1587 4149 Tanto
1615 4106 1745 4161 ergo
1773 4091 1977 4161 majore
2004 4106 2157 4146 reve-

578 4188 751 4245 rentia
777 4187 984 4243 debetis
1021 4186 1209 4269 audire
1252 4199 1372 4254 qua:
1418 4183 1659 4250 dicimus,
1707 4191 1910 4253 quanto
1950 4182 2155 4251 majora

579 4266 680 4335 ista
708 4286 833 4334 sunt
859 4292 980 4348 qua:
1006 4266 1137 4332 solis
1162 4275 1448 4346 baptizatis
1470 4282 1526 4328 et
1552 4272 1796 4329 ﬁdelibus
1824 4273 2157 4327 auditoribus

580 4373 1009 4435 committuntur,
1056 4384 1215 4440 quam
1264 4369 1355 4423 illa
1399 4383 1518 4437 qua:
1572 4368 1735 4422 etiam
1787 4365 2155 4422 catechumeni

577 4463 765 4520 audire
791 4467 1201 4518 consueverunt.
1229 4459 1343 4514 Non
1369 4466 1548 4513 autem
1585 4457 1767 4510 mirari
1795 4455 2021 4521 debetis,
2053 4455 2157 4510 fra-

579 4562 689 4609 tres
715 4551 999 4613 carissimi,
1024 4548 1167 4616 quod
1195 4547 1347 4602 vobis
1375 4547 1514 4601 inter
1534 4547 1649 4615 ipsa
1676 4547 1930 4617 mysteria
1951 4545 2017 4600 de
2041 4561 2156 4616 my-

577 4646 755 4701 steriis
781 4642 914 4697 nihil
940 4640 1190 4704 diximus,
1234 4637 1377 4708 quod
1407 4652 1512 4691 non
1541 4637 1723 4691 statim
1752 4653 1814 4693 ea
1841 4653 1959 4709 qua:
1989 4636 2153 4690 tradi-

2252 3477 2370 3531 qua:
2397 3470 2521 3516 ante
2552 3463 2887 3526 tradidimus,
2915 3482 2981 3519 ne
3003 3465 3126 3520 dum
3148 3468 3322 3523 minus
3343 3469 3639 3539 intclligitis
3665 3474 3825 3528 divini

2255 3552 2491 3623 mysterii
2520 3552 2850 3621 dignitatem,
2891 3555 3065 3611 minus
3112 3556 3240 3611 illud
3269 3560 3565 3627 pretiosum
3608 3564 3822 3631 putetis.

2254 3644 2407 3710 Quod
2435 3644 2480 3699 si
2511 3644 2910 3711 intellexeritis,
2955 3647 3199 3702 videbitis
3246 3652 3424 3704 omnia
3467 3668 3588 3721 qua:
3632 3654 3683 3707 in
3725 3654 3827 3709 hoc

2255 3736 2454 3792 mundo
2492 3739 2725 3807 pretiosa
2754 3739 3059 3808 creduntur,
3092 3742 3222 3796 tanti
3251 3746 3568 3800 sacramenti
3611 3762 3829 3817 compa-

2256 3827 2465 3881 ratione
2491 3837 2513 3863 ο
2537 3843 2654 3881 esse
2676 3827 2948 3882 vilissima.
2971 3828 3301 3887 Rccordclur
3318 3848 3447 3903 ergo
3468 3839 3831 3907 unusquisque

2259 3923 2493 3969 vrstrum
2549 3917 2783 3986 singulas
2836 3920 3210 3990 mysteriorum
3258 3926 3497 3994 species,
3546 3943 3682 3998 quas
3732 3946 3834 4001 per

2256 4014 2519 4075 nostrum,
2548 4008 2780 4063 donante
2812 4010 3053 4079 Domino,
3084 4015 3213 4068 estis
3253 4016 3611 4074 ministerium
3636 4036 3833 4077 conse-

2256 4097 2397 4162 cuti,
2428 4106 2482 4153 et
2509 4114 2572 4152 ea
2610 4114 2728 4169 qum
2760 4112 2885 4155 tunc
2926 4103 3238 4173 simpliciter
3279 4114 3334 4160 et
3380 4106 3609 4163 ﬁdeliter
3649 4121 3835 4168 susce-

2255 4188 2438 4259 pistis,
2470 4192 2630 4262 710
2659 4207 2799 4246 nunc
2842 4193 3118 4263 intelligite
3163 4196 3479 4266 prudenter,
3531 4209 3589 4253 ut
3635 4202 3833 4256 melius

2256 4280 2473 4349 pOSSitis
2536 4282 2803 4337 intellecta
2858 4298 3092 4340 servare.
3158 4286 3422 4356 Imprimis
3474 4298 3626 4345 certe
3677 4307 3836 4347 aures

2259 4378 2464 4424 vestras
2492 4370 2611 4424 oleo
2641 4370 3027 4427 benedictionis
3055 4374 3421 4441 oblinivimus;
3453 4379 3549 4433 sed
3578 4381 3649 4434 ob
3672 4397 3834 4451 quam

2256 4476 2489 4527 causam,
2540 4463 3221 4541 secundarutraditionem
3266 4469 3721 4539 ecclesiasticam,
3765 4472 3838 4526 ab

2257 4551 2504 4605 omnibus
2522 4553 2794 4608 catholicis
2808 4552 3003 4609 Christi
3024 4556 3390 4612 sacerdotibus
3406 4559 3518 4624 liat,
3533 4562 3836 4629 agnoscite.

2259 4641 2511 4698 lntroitus
2534 4644 2653 4699 lidei
2685 4654 2739 4699 et
2768 4646 2931 4701 totius
2954 4656 3151 4703 sanctzn
3176 4648 3434 4705 doctrina:
3459 4654 3473 4688 ί
3502 4651 3570 4706 ad
3603 4653 3841 4707 animam

575 4738 750 4793 dimus
797 4730 1129 4803 interpretati
1157 4745 1358 4785 sumus.
1407 4738 1429 4767 ο
1479 4727 1826 4783 Adhibuimus
1873 4727 2015 4783 enim
2044 4735 2153 4780 tam
2186 4741 2230 4802 Β
2257 4749 2352 4804 per
2371 4749 2527 4789 aures
2543 4733 2857 4803 admittitur,
2882 4736 3021 4792 etde
3042 4740 3223 4794 auditu
3245 4741 3549 4798 intellectus
3570 4745 3836 4800 exoritur.

578 4827 775 4882 sanctis
804 4824 962 4879 rebus
989 4831 1152 4891 atque
1179 4819 1374 4874 divinis
1394 4818 1656 4892 honorem
1684 4819 1905 4888 silentii,
1934 4826 1991 4872 et
2016 4817 2157 4871 inter

581 4916 700 4970 illos
728 4930 910 4970 sacros
938 4911 1321 4985 mysteriorum
1347 4918 1636 4980 apparatus
1663 4925 1695 4964 a
1722 4910 1950 4965 docendi
1973 4923 2156 4965 cessa—

580 5022 699 5059 mus
727 5006 923 5072 oﬂicio,
974 5014 1033 5059 ut
1078 5011 1275 5058 tantam
1322 5001 1515 5057 divinae
1565 5003 1751 5071 gratiae
1794 5002 2155 5071 majestatem,

580 5110 702 5164 qua:
727 5096 882 5162 digne
909 5096 1069 5150 nullis
1095 5094 1369 5150 hominum
1417 5093 1639 5148 vocibus
1677 5089 1931 5161 explicari
1956 5101 2155 5162 potest,

582 5184 809 5254 amplius
838 5184 1065 5239 tacendo
1093 5198 1430 5239 veneremur.
1461 5182 1567 5238 Sed
1594 5182 1727 5251 quia
1748 5181 1938 5236 instrui
1962 5183 2014 5235 in
2041 5197 2159 5236 om-

581 5276 739 5330 nibus
752 5279 805 5326 ct
816 5272 996 5327 doceri
1008 5282 1237 5327 vestram
1253 5273 1594 5328 dilectionem
1604 5286 1824 5327 necesse
1832 5280 1917 5326 est
1930 5271 1975 5337 τί,
1994 5280 2157 5327 trans-

653 5424 680 5453 ι
702 5413 908 5485 Titulus
928 5412 1067 5483 apud
1087 5412 1423 5470 Sirmundum
1445 5423 1526 5470 cst
1546 5433 1559 5467 :
1583 5414 1764 5485 Sermo
1787 5414 1849 5467 de
1870 5413 2152 5485 ncophglis.

582 5482 669 5540 Ea:
687 5484 796 5540 oleo
816 5474 995 5538 sancto
1012 5500 1159 5537 aures
1184 5494 1232 5538 et
1252 5503 1404 5538 nares
1426 5503 1456 5537 (ι
1476 5474 1822 5538 sacerdotibus
1843 5474 2149 5537 illinian'lur.

578 5554 667 5611 ΑΙ)
693 5570 760 5610 eo
789 5561 915 5609 sunt
941 5552 1211 5607 variantes
1239 5554 1510 5608 addendzc.

653 5625 682 5665 ιι
708 5621 924 5679 Fratres
952 5623 1225 5677 carissimi.

655 5707 681 5739 ο
711 5692 840 5751 Post
867 5695 982 5749 hmc
1010 5692 1173 5750 editio
1199 5691 1362 5747 habet
1387 5709 1402 5745 :
1432 5693 1568 5762 quod
1594 5703 1729 5747 certe
1757 5710 1859 5748 non
1890 5691 2151 5763 negligen-

2258 4824 2439 4894 Neque
2467 4826 2607 4880 enim
2635 4834 2815 4896 potest
2861 4827 3054 4898 aliquis
3093 4827 3217 4885 ﬁdei
3245 4843 3586 4888 sacramenta
3626 4849 3839 4902 cogno-

2254 4930 2424 4980 scere,
2481 4915 2582 4969 nisi
2636 4916 2817 4970 audiat
2866 4919 3263 4987 prazdicantem,
3320 4921 3621 4978 affirmante
3675 4926 3737 4977 hc

2256 5004 2548 5074 Apostolo,
2601 5006 2693 5075 qui
2739 5006 2910 5061 dicit:
2943 5004 3208 5071 Quomodo
3247 5020 3415 5065 autem
3461 5014 3615 5065 audi»

2256 5095 2607 5167 pradicante?
2635 5104 2689 5151 et
2716 5113 2900 5152 rursus
2924 5115 2936 5150 :
2966 5096 3109 5170 Ergo
3134 5100 3265 5169 ﬁdes
3301 5118 3366 5155 ea:
3392 5103 3516 5155 ωιτν

2255 5196 2427 5241 auum
2453 5204 2543 5257 per
2568 5188 2774 5242 verbum
2801 5187 2902 5242 Dei
2930 5187 3106 5257 (Rom.
3132 5190 3210 5261 ι).
3242 5190 3403 5247 Recte

2259 5277 2375 5347 ejus
2403 5293 2589 5334 sensus
2617 5293 2815 5347 organa
2844 5279 3265 5347 sanetillcantur,

2260 5415 2354 5479 tia,
2381 5415 2435 5468 in
2465 5422 2571 5467 tam
2610 5417 2770 5469 sacris
2811 5414 2959 5469 rebus
2987 5424 3137 5479 atque
3168 5422 3197 5465 τ’

2255 5487 2349 5556 sed
2373 5485 2622 5556 religione
2650 5486 2881 5556 ferimus.
2913 5485 3129 5538 Adhian

2326 5552 2352 5590 ἀ
2386 5552 2670 5624 Transacto
2694 5554 2896 5623 quidem
2914 5557 3043 5624 jam.

2325 5633 2350 5660 ο
2380 5621 2653 5677 Omittitur
2679 5621 2806 5676 esse.

2334 5692 2352 5729 ί
2384 5692 2465 5745 Ad
2495 5695 2750 5758 animum,
2777 5694 2845 5745 ita
2881 5693 2908 5743 in
2940 5698 2945 5711 '
