4054 6194
1725 348 1784 405 S.
1827 348 2069 405 MAXIM
2105 346 2557 407 TAURINENSIS
3685 348 3770 407 776

1732 472 2428 559 TRACTATUS
2483 474 2561 553 ll
2574 533 2593 553 .

1938 607 2022 660 DE
2047 608 2362 660 BLPTISMO
2389 615 2429 659 ⁸.

604 714 763 785 713
791 711 1137 766 Promisimus
1168 720 1192 749 ιι
1223 711 1395 780 primo
1434 720 1668 767 tractatu
1706 728 1806 768 nos
1832 712 1901 768 de
1927 712 2105 768 omni-
2134 717 2181 774 Α
2209 712 2342 768 toris
2363 713 2668 782 imperium,
2684 712 2916 782 quicum
2937 712 3005 767 ad
3025 710 3238 771 Patrem
3262 714 3316 771 in
3339 715 3507 773 celos
3526 684 3766 774 ascende-

533 803 636 859 bus
662 817 782 871 quae
804 817 901 871 per
927 802 1278 855 ministerium
1308 809 1547 855 nostrum
1575 811 1631 857 et
1656 800 1853 857 Christi
1884 803 2111 869 gratiam

534 894 809 949 consecuti
834 894 987 959 estis,
1016 893 1283 963 mysteriis
1311 892 1602 957 locuturos,
1632 907 1701 947 ne
1728 908 1834 962 qua
1864 894 2017 949 nobis
2044 894 2113 949 de

534 984 834 1052 ignorantia
863 983 1181 1051 negligentia
1230 990 1553 1037 nasceretur.
1600 982 1706 1037 Sed
1751 983 2113 1038 consuluimus

535 1073 706 1129 labori
724 1080 905 1127 vestro
925 1080 981 1127 et
1002 1072 1292 1137 memor-im,
1316 1071 1663 1141 providentes
1688 1087 1754 1127 ne
1774 1082 1866 1127 aut
1884 1073 2111 1127 lassatus

535 1163 802 1219 audiendo
831 1163 1039 1217 animus
1080 1163 1259 1216 omnia
1306 1163 1603 1231 intelligere
1631 1179 1737 1216 non
1785 1170 1988 1231 posset.
2021 1170 2113 1216 aut

534 1255 824 1309 multorum
878 1252 1034 1305 simul
1084 1253 1393 1320 cognitione
1445 1254 1701 1307 memoria
1756 1260 2109 1321 prmgravata,

535 1346 696 1399 etiam
718 1358 836 1413 quae
859 1343 1228 1407 intellexisset,
1255 1343 1363 1397 cito
1383 1343 1546 1397 oblita
1566 1342 1903 1412 deperderet.
1936 1341 2111 1397 Prima

535 1448 665 1501 ergo
694 1432 1073 1502 praedicatione
1115 1431 1182 1486 de
1222 1432 1303 1485 his
1348 1439 1552 1486 tantum
1594 1432 1758 1487 locuti
1788 1448 1971 1488 sumus
1996 1447 2113 1501 qua:

536 1525 709 1590 vobis,
740 1524 1048 1593 priusquam
1070 1522 1135 1576 ad
1159 1520 1361 1576 fontem
1388 1530 1629 1577 sanctum
1664 1523 1932 1586 veniretis,
1958 1523 2113 1591 juxta

535 1614 816 1669 catholica:
843 1614 1041 1680 regulae
1068 1613 1310 1667 instituta
1340 1613 1684 1677 tradidimus;
1714 1620 1769 1667 et
1795 1613 1924 1682 quid
1951 1612 2113 1680 signi—

536 1703 724 1760 ﬁcaret
750 1706 932 1759 unctio
976 1719 1113 1773 qum,
1164 1703 1388 1757 diversis
1416 1704 1658 1772 corporis
1686 1704 1851 1757 vestri
1877 1702 2112 1756 adhibita

535 1790 793 1865 partibus,
818 1780 1085 1847 diversum
1106 1792 1434 1846 intellectum
1458 1792 1718 1859 designat,
1748 1800 1909 1862 prout
1933 1792 2115 1846 Domi—

539 1898 637 1938 nus
681 1882 883 1936 donare
929 1881 1178 1949 dignatus
1226 1889 1309 1935 est
1355 1881 1689 1950 interpretati
1736 1896 1943 1947 sumus,
1992 1896 2114 1936 cum

536 1974 928 2029 ostenderimus
957 1989 1052 2027 vos
1072 1988 1169 2041 per
1195 1973 1372 2027 oleum
1397 1970 1835 2027 sanctiﬁcationis
1861 1972 1929 2026 ad
1962 1972 2116 2028 audi-

2210 812 2313 867 ret,
2349 801 2362 839 ί
2398 802 2693 871 discipulis,
2722 803 2774 857 id
2802 810 2884 857 est
2910 803 3167 873 apostolis
3198 802 3537 860 demandavit
3563 805 3767 863 dicens:

2208 891 2405 946 Euntes
2431 892 2687 960 baptisate
2728 908 2902 946 omnes
2933 902 3106 961 gentes
3146 893 3201 948 in
3245 894 3450 949 nomine
3497 893 3704 960 Patris,
3731 906 3772 949 et

2209 980 2371 1050 Filii,
2400 990 2448 1035 et
2476 982 2704 1052 Spiritus
2748 981 2944 1046 sancti,
2989 980 3223 1035 docentes
3250 999 3336 1036 eos
3365 998 3569 1037 servare
3615 984 3772 1039 omnia

2208 1090 2516 1144 quaecunque
2537 1072 2774 1127 mandavi
2798 1073 2932 1127 vobis
2953 1071 3164 1144 (Matth.
3187 1077 3389 1142 xxvm).
3416 1073 3586 1128 Nemo
3606 1082 3771 1128 autem

2208 1179 2331 1218 cum
2359 1163 2507 1218 audit
2534 1162 2769 1227 Patrem,
2800 1170 2856 1217 et
2884 1162 3073 1219 Filium
3094 1205 3108 1232 ,
3137 1171 3192 1218 et
3219 1162 3475 1235 Spiritum
3519 1173 3771 1234 sanctum,

2212 1263 2320 1309 tres
2345 1254 2485 1309 Deos
2526 1269 2624 1308 nos
2659 1253 2889 1308 aestimet
2931 1252 3192 1311 conﬁteri.
3244 1253 3400 1321 Quod
3447 1257 3772 1324 sacrilegium

2210 1344 2350 1398 absit
2376 1343 2533 1411 longe
2561 1359 2593 1398 a
2614 1342 2714 1398 ﬁde
2742 1350 2924 1397 nostra
2948 1341 2961 1394 !
2998 1345 3011 1392 l
3045 1343 3169 1413 quia
3199 1360 3361 1398 uinum
3386 1346 3553 1401 Deum
3583 1354 3771 1401 tantum

2210 1448 2346 1495 esse,
2370 1433 2485 1501 ipso
2513 1439 2821 1497 attestante,
2852 1433 3217 1500 cognovimus.
3244 1432 3375 1505 Ego,
3400 1434 3594 1505 inquit,
3624 1434 3771 1498 Deus,

2211 1533 2261 1577 et
2284 1540 2384 1577 non
2417 1532 2494 1578 est
2520 1523 2651 1579 alius
2680 1532 2867 1592 praeter
2903 1540 3009 1588 me;
3032 1523 3203 1594 justus
3230 1533 3277 1577 et
3307 1523 3551 1579 Salvator
3578 1543 3681 1580 non
3707 1536 3774 1580 est
3824 1574 3837 1579 -

2211 1624 2399 1685 prater
2424 1631 2521 1668 me.
2565 1613 2931 1669 Convertimini
2959 1615 3028 1667 ad
3055 1631 3167 1679 me,
3209 1625 3257 1668 et
3284 1616 3410 1669 salvi
3448 1617 3620 1680 eritis,
3666 1620 3789 1688 quia-

2212 1705 2275 1757 ab
2305 1712 2530 1757 extremo
2555 1714 2706 1759 terra:
2732 1720 2826 1774 ego
2859 1721 2971 1759 sum
2996 1702 3131 1758 Deus
3152 1746 3167 1771 ,
3195 1714 3244 1758 et
3272 1721 3374 1759 non
3393 1715 3469 1759 est
3493 1707 3627 1760 alius
3648 1723 3776 1774 prte-

2212 1800 2289 1844 ter
2312 1807 2391 1844 me
2414 1790 2567 1861 (Isai.
2599 1807 2719 1856 xcv,
2751 1801 2799 1844 et
2822 1790 2941 1847 Ose.
2975 1792 3111 1861 xm.)
3142 1791 3205 1846 Et
3238 1793 3293 1846 in
3317 1792 3422 1847 alio
3445 1793 3601 1848 libro.
3626 1795 3776 1863 Audi,

2213 1879 2382 1935 Israel
2420 1897 2436 1935 :
2477 1880 2729 1936 Dominus
2770 1880 2909 1935 Deus
2935 1891 3050 1936 tuus
3071 1924 3086 1949 ,
3118 1881 3257 1938 Deus
3282 1899 3411 1940 unus
3439 1893 3515 1938 est
3539 1884 3777 1953 (Denter.

2215 1969 2311 2039 Vl).
2341 1968 2409 2027 Et
2434 1986 2617 2027 rursus
2642 1989 2654 2022 :
2688 1969 2937 2025 Dominus
2958 1970 3094 2025 Deus
3118 1979 3231 2027 tuus
3253 1972 3333 2026 hic
3352 1982 3429 2026 est
3450 1974 3501 2026 in
3528 1974 3654 2027 celo
3674 1991 3780 2028 sur-

538 2075 650 2119 tum
692 2064 719 2103 δ
763 2064 886 2119 lidei
928 2070 1256 2133 praeparatos
1302 2072 1356 2117 et
1400 2063 1600 2117 bonum
1644 2061 1844 2117 Christi
1894 2063 2114 2119 odorem
2148 2070 2192 2129 Β
2218 2076 2331 2115 sum
2367 2068 2417 2114 et
2443 2062 2496 2114 in
2523 2069 2663 2115 terra
2683 2061 2941 2126 deorsum,
2967 2069 3015 2115 et
3036 2078 3137 2115 non
3162 2070 3236 2116 est
3258 2063 3391 2116 alius
3412 2071 3599 2134 prteter
3617 2064 3781 2133 ipsum

540 2163 795 2222 vocatos,
824 2170 893 2209 ex
925 2163 1038 2210 toto
1066 2155 1229 2209 corde
1255 2154 1735 2213 abrenuntiandum
1762 2166 1785 2194 ο
1816 2171 1935 2211 esse
1963 2171 2113 2211 com-

540 2248 793 2303 monitos.
818 2246 970 2301 Nunc
989 2262 1122 2301 vero
1144 2246 1210 2301 de
1234 2247 1574 2301 interioribus
1596 2247 1864 2318 mysteriis
1884 2246 2117 2301 locuturi

537 2352 722 2392 sumus
740 2351 858 2404 qum
881 2336 932 2388 in
953 2335 1071 2404 ipso
1090 2343 1276 2390 sancto
1292 2335 1437 2391 fonte
1458 2336 1729 2390 celebrata
1750 2343 1893 2390 sunt.
1911 2334 2115 2391 Emissa

538 2428 682 2482 enim
709 2426 1005 2481 certissima
1032 2426 1300 2490 cautione,
1331 2441 1436 2495 qua
1466 2442 1561 2481 vos
1589 2427 1969 2483 abrenuntiare
1996 2443 2115 2482 om-

539 2518 696 2571 nibus
723 2515 936 2586 pompis
980 2522 1036 2569 et
1064 2515 1313 2583 operibus
1340 2514 1483 2584 ejus,
1514 2523 1569 2569 et
1606 2516 1752 2571 omni
1780 2513 2117 2571 fornicationi

538 2600 814 2659 diabolicae
867 2603 1266 2673 spepondistis,
1323 2602 1349 2641 ά
1407 2604 1756 2663 descendistis
1811 2606 1865 2660 in
1916 2606 2115 2661 fontem

539 2712 782 2760 sacrum,
815 2693 1016 2749 fontem
1043 2696 1193 2757 vitae,
1226 2696 1427 2750 fontem
1471 2696 1881 2767 redemptionis,
1913 2697 2117 2754 fontem

543 2784 937 2841 sanctiﬁcatum
965 2784 1163 2839 virtute
1191 2785 1414 2850 caelesti,
1446 2794 1501 2841 et
1528 2787 1600 2841 ita
1625 2789 2030 2853 sanctiﬁcatum,
2058 2795 2118 2842 ut

546 2876 792 2931 homines
817 2891 914 2945 per
940 2876 1103 2931 multa
1135 2885 1356 2946 peccata
1377 2877 1627 2932 diluendo
1650 2878 1967 2934 sanctiﬁcet.
1999 2878 2115 2933 Non

541 2967 686 3021 enim
716 2966 921 3021 debetis
949 2966 1063 3020 illas
1088 2982 1254 3035 aquas
1282 2968 1450 3021 oculis
1473 2968 1758 3033 aestimare,
1790 2968 1885 3023 sed
1914 2976 2114 3024 mente.

547 3056 682 3112 Nam
711 3058 811 3112 etsi
838 3057 1134 3112 substantia
1154 3056 1294 3110 illius
1315 3072 1465 3125 aqua:
1485 3056 1551 3111 dc
1570 3058 1839 3112 communi
1858 3073 2117 3127 aquarum

479 3132 485 3137 ’
547 3156 736 3203 natura
757 3148 847 3216 sit,
868 3156 895 3185 ε
918 3148 1138 3203 euectus
1166 3156 1341 3202 tamen
1358 3149 1522 3218 ipsius
1545 3164 1609 3203 ex
1625 3148 1721 3204 Dei
1742 3151 1913 3218 gratia
1931 3159 1989 3205 et
2011 3150 2119 3205 vir-

546 3246 661 3292 tute
700 3238 969 3307 procedit,
998 3238 1089 3308 qui
1116 3239 1319 3293 creavit
1344 3254 1508 3308 aquas
1535 3248 1594 3294 ut
1633 3249 1841 3296 secreta
1868 3242 2119 3311 potentiae

545 3343 657 3385 sua:
682 3328 879 3383 virtute
904 3337 1123 3399 peccata
1146 3344 1265 3399 qua:
1291 3346 1398 3385 non
1426 3330 1673 3386 videntur
1700 3332 1958 3388 ablueret.
1998 3332 2119 3405 Spi-

2219 2148 2454 2219 (Deuter.
2477 2149 2570 2217 tv).
2596 2149 2727 2205 Tres
2742 2164 2868 2217 ergo
2890 2165 3146 2227 personas
3167 2158 3408 2206 tenemus
3421 2160 3478 2207 et
3495 2152 3777 2219 credimus,

2218 2237 2273 2295 id
2299 2246 2383 2294 est
2410 2239 2642 2302 Patrem,
2671 2249 2725 2295 et
2748 2240 2959 2307 Filium,
2985 2248 3040 2295 et
3058 2239 3315 2310 Spiritum
3337 2250 3602 2310 sanctum,
3631 2245 3782 2299 unius

2218 2330 2501 2399 potentim,
2531 2328 2686 2385 unius
2712 2330 3047 2395 substantiae,
3077 2330 3234 2385 unius
3260 2332 3599 2399 mternitatis,
3632 2333 3783 2387 unius

2218 2421 2529 2485 voluntatis,
2560 2421 2717 2477 unius
2746 2422 2906 2477 etiam
2934 2420 3166 2486 deitatis,
3191 2429 3245 2476 et
3277 2431 3444 2478 totam
3472 2422 3784 2479 Trinitatem

2218 2512 2374 2567 unius
2418 2510 2514 2567 Dei
2559 2512 2916 2582 appellatione
2960 2528 3297 2569 veneramur.
3347 2512 3579 2569 Credere
3610 2522 3782 2571 autem

2217 2602 2396 2672 plures
2441 2601 2579 2656 Deos
2623 2602 2833 2670 gentilis
2884 2601 3128 2670 impietas
3173 2610 3275 2658 est.
3323 2601 3389 2657 Et
3415 2603 3630 2657 iterum.
3674 2602 3785 2658 Non

2218 2692 2436 2748 credere
2461 2701 2568 2749 tres
2592 2708 2849 2763 personas
2870 2692 3026 2749 unius
3046 2692 3355 2749 substantiae
3375 2693 3431 2747 in
3456 2709 3561 2747 una
3584 2692 3783 2749 deitate

2218 2792 2377 2853 atque
2400 2784 2724 2853 requalitate,
2742 2785 2826 2841 vel
2847 2784 3233 2849 comternitate,
3258 2784 3506 2840 haeretica
3525 2784 3787 2841 dementia

2218 2881 2327 2937 est;
2350 2888 2470 2929 cum
2492 2871 2771 2928 manifesta
2799 2873 2915 2929 hmo
2933 2874 3020 2939 sit,
3044 2888 3202 2942 quam
3229 2874 3473 2942 diximus,
3498 2877 3790 2932 auctoritas

2216 2962 2410 3020 Christi
2436 2981 2449 3017 :
2493 2964 2763 3034 Baptizate
2789 2981 2961 3021 omnes
2989 2974 3159 3036 gentes
3194 2966 3247 3019 in
3278 2967 3480 3022 nomine
3506 2965 3717 3033 Patris,
3744 2978 3791 3022 et

2219 3054 2368 3125 Filii,
2387 3065 2437 3111 et
2471 3055 2698 3127 Spiritus
2733 3059 2898 3112 sancti
2936 3056 3148 3126 (Matth.
3174 3058 3381 3123 xxmt).
3423 3058 3579 3126 Quod
3616 3070 3791 3117 autem

2218 3147 2689 3217 interrogavimus:
2710 3147 2735 3186 κ
2762 3146 2947 3203 Credis
2972 3149 3025 3203 in
3045 3158 3284 3205 sanctam
3309 3149 3629 3217 Ecclesiam,
3646 3158 3701 3204 et
3723 3166 3788 3205 re

2217 3237 2523 3293 missionem
2544 3240 2918 3307 peccatorum?
2940 3241 2987 3309 7
2998 3242 3095 3311 15
3112 3256 3221 3295 non
3236 3255 3301 3294 eo
3317 3239 3477 3295 modo
3493 3240 3792 3307 interroga-

2217 3329 2409 3395 vimus,
2427 3336 2485 3383 ut
2503 3344 2609 3399 quo
2625 3329 2783 3385 modo
2812 3331 2863 3386 in
2887 3328 3055 3389 Deum
3082 3330 3333 3395 creditur,
3366 3330 3385 3371 1
3413 3332 3490 3387 sic
3520 3331 3573 3386 in
3604 3329 3795 3387 Eccle-

545 3419 678 3474 ritus
705 3419 847 3473 enim
874 3427 1090 3474 sanctus
1119 3420 1171 3473 in
1202 3420 1290 3474 illa
1319 3436 1453 3489 aqua
1480 3430 1754 3491 operatur,
1786 3431 1845 3477 ut
1877 3424 1966 3491 qui
1994 3432 2119 3478 ante
2142 3411 2189 3473 C
2221 3422 2354 3475 siam
2378 3430 2615 3476 sanctam
2636 3421 2975 3478 catholicam.
2998 3420 3287 3491 PrOpterea
3309 3430 3493 3476 sancta
3523 3431 3578 3477 et
3604 3424 3793 3477 catho-

545 3507 868 3577 baptismum
911 3507 1243 3564 diversorum
1271 3508 1551 3564 criminum
1595 3511 1673 3565 rei
1702 3512 2037 3577 tenebantur,
2066 3521 2121 3568 et

544 3613 667 3653 cum
695 3597 909 3652 diabolo
939 3597 992 3651 in
1034 3599 1278 3667 gehenna
1317 3599 1502 3653 aeterni
1550 3598 1686 3668 ignis
1733 3600 1901 3656 arsuri
1946 3609 2117 3666 erant,

546 3694 672 3756 post
697 3686 1019 3757 baptismum
1052 3688 1104 3741 in
1134 3688 1390 3743 cmlorum
1421 3704 1641 3758 regnum
1667 3689 1865 3745 intrare
1900 3689 1917 3728 τ
1948 3706 2122 3745 mere-

545 3785 749 3831 rentur.
782 3776 932 3832 Unde
960 3777 1215 3831 Dominus
1261 3778 1313 3831 in
1343 3776 1633 3845 Evangelio
1661 3780 1957 3847 potentiam
1986 3781 2121 3835 tanti

544 3866 848 3934 exprimens
875 3866 1193 3920 sacramenti
1218 3866 1292 3917 ait
1316 3883 1328 3917 :
1358 3864 1479 3919 Nisi
1506 3868 1614 3936 quis
1645 3877 1851 3922 renatus
1874 3870 2025 3937 fuerit
2056 3886 2121 3923 ea;

544 3971 681 4024 aqua
713 3954 874 4024 714
918 3962 965 4007 et
1011 3952 1209 4023 Spiritu
1255 3964 1468 4020 sancto,
1499 3972 1601 4009 non
1649 3965 1812 4026 potest
1838 3959 2033 4012 intrare
2065 3960 2120 4013 in

547 4060 756 4112 regnum
794 4042 893 4097 Dei
923 4042 1103 4112 (Joan.
1144 4044 1244 4112 In).
1286 4043 1345 4098 In
1375 4045 1479 4099 hoc
1505 4059 1634 4114 ergo
1662 4045 1809 4101 fonte
1836 4055 2120 4116 antequam

546 4147 642 4188 vos
671 4140 785 4189 toto
808 4142 1034 4203 corpore
1063 4134 1409 4202 tiugeremus,
1434 4136 1875 4204 interrogavimus
1900 4156 1912 4190 :
1936 4137 2122 4194 Credis

546 4222 601 4276 in
620 4221 785 4277 Deum
805 4220 1016 4276 Patrem
1031 4222 1490 4291 omnipotentem?
1510 4223 1878 4294 Respondistis
1895 4243 1908 4278 :
1925 4225 2118 4281 Credo.

548 4312 753 4369 Rursus
780 4314 1223 4381 interrogavimus
1245 4332 1258 4366 :
1282 4314 1469 4370 Credis
1496 4323 1551 4369 et
1576 4315 1628 4371 in
1648 4314 1831 4371 Jesum
1852 4316 2120 4372 Christum

546 4402 737 4458 Filium
776 4404 911 4473 ejus,
946 4412 971 4451 ε
1002 4403 1092 4471 qui
1122 4412 1411 4473 conceptus
1454 4414 1537 4460 est
1561 4405 1629 4461 de
1671 4405 1874 4476 Spiritu
1913 4415 2119 4475 sancto,

544 4503 601 4551 et
627 4503 783 4551 natus
807 4501 889 4549 est
918 4509 983 4548 ex
1013 4493 1177 4548 Maria
1205 4493 1458 4560 Virgine?
1488 4494 1858 4564 Respondistis
1883 4498 2075 4566 singuli
2101 4516 2115 4553 :

544 4584 740 4641 Credo.
771 4585 798 4622 ιι
820 4584 1019 4639 lterum
1039 4584 1520 4651 interrogavimus:
1551 4586 1739 4641 Credis
1766 4595 1821 4641 et
1861 4589 1914 4643 in
1948 4588 2120 4660 Spiri-

549 4684 665 4730 tum
707 4674 988 4730 sanctum?
1033 4674 1385 4744 respondistis
1431 4674 1718 4729 similiter:
1750 4675 1944 4732 Credo.
1996 4676 2121 4734 Haec

2217 3511 2320 3567 lica
2340 3520 2443 3581 est,
2462 3512 2585 3581 quia
2607 3519 2752 3567 recte
2772 3511 2943 3569 credit
2964 3513 3015 3567 in
3033 3512 3221 3569 Deum.
3244 3512 3360 3567 Non
3384 3526 3518 3581 ergo
3541 3513 3795 3578 diximus,

2220 3609 2278 3654 ut
2292 3601 2343 3655 in
2360 3600 2650 3657 Ecclesiam
2664 3602 2816 3670 quasi
2832 3601 2884 3655 in
2900 3601 3064 3658 Deum
3080 3601 3387 3668 crederetis,
3405 3602 3501 3657 sed
3518 3602 3799 3672 intelligite

2220 3706 2319 3745 nos
2346 3691 2522 3746 dicere
2549 3698 2599 3745 et
2635 3690 2846 3758 dixisse,
2880 3699 2937 3746 ut
2964 3692 3016 3747 in
3047 3690 3282 3747 Ecclesia
3310 3699 3495 3749 sancta
3525 3698 3580 3746 et
3608 3694 3798 3747 catho-

2221 3779 2324 3835 lica
2378 3787 2759 3835 conversantes
2803 3780 2856 3834 in
2906 3780 3074 3834 Deum
3126 3779 3436 3835 crederetis.
3494 3779 3801 3835 Crederetis

2219 3871 2382 3925 etiam
2416 3871 2862 3927 resurrectionem
2900 3871 3100 3937 carnis,
3146 3884 3266 3939 qum
3310 3869 3486 3927 futura
3517 3880 3624 3934 est.
3651 3871 3801 3927 Sicut

2221 3972 2349 4028 ergo
2395 3959 2447 4014 in
2490 3959 2762 4014 Trinitatis
2804 3960 3117 4030 mysterium
3161 3960 3482 4024 credidistis,
3533 3970 3593 4015 et
3638 3977 3800 4015 unum

2222 4049 2387 4104 Deum
2415 4051 2468 4105 in
2498 4049 2689 4116 Patris,
2721 4058 2777 4106 et
2803 4050 2940 4115 Filii,
2991 4064 3054 4105 ac
3098 4050 3330 4119 Spiritus
3357 4052 3532 4104 sancti
3581 4052 3803 4107 nomine

2220 4141 2546 4211 suscepistis,
2588 4142 2728 4197 sicut
2773 4142 2928 4197 vobis
2974 4141 3271 4197 credidistis
3314 4140 3635 4197 dimittenda
3681 4156 3802 4197 esse

2219 4240 2471 4301 peccata,
2503 4239 2558 4285 et
2600 4246 2743 4286 nunc
2764 4230 2874 4298 jam
2923 4246 3022 4300 per
3066 4231 3390 4301 baptismum
3417 4230 3642 4287 creditis
3681 4244 3801 4286 esse

2219 4322 2463 4387 dimissa;
2512 4322 2586 4376 ita
2632 4321 2795 4377 etiam
2840 4321 3287 4376 resurrectionem
3331 4320 3513 4375 carnis
3558 4319 3799 4375 futuram

2221 4420 2260 4449 ω
2289 4426 2409 4467 esse
2434 4411 2657 4474 credite,
2687 4410 2830 4479 quod
2860 4418 3008 4467 certe
3033 4426 3130 4465 vos
3162 4409 3383 4466 credere
3410 4409 3794 4479 spopondistis.

2221 4500 2279 4555 ln
2309 4501 2412 4556 hoc
2440 4501 2583 4555 enim
2624 4500 3046 4556 Christianorum
3092 4516 3216 4570 spes
3262 4507 3375 4556 tota
3427 4501 3695 4563 consistit,
3741 4506 3798 4552 ut

2220 4589 2378 4659 hujus
2398 4605 2503 4645 non
2523 4590 2741 4647 alterius
2762 4588 3004 4658 corporis
3023 4590 3469 4645 resurrectionem
3497 4590 3551 4645 in
3569 4589 3801 4643 veritate

2219 4684 2450 4739 futuram
2476 4699 2597 4739 esse
2622 4682 2919 4737 credamus.
2944 4680 3014 4737 Et
3034 4681 3483 4752 quemadmodum
3511 4697 3658 4737 nunc
3683 4689 3798 4736 sta-

547 4772 729 4822 autem
746 4763 971 4820 fecimus
984 4764 1136 4833 juxta
1156 4764 1367 4820 Domini
1385 4766 1555 4821 nostri
1573 4765 1700 4822 Jesu
1719 4765 1916 4823 Christi
1936 4769 2121 4826 Salva-
2148 4762 2200 4822 Ι)
2222 4792 2341 4832 mus
2368 4777 2422 4832 in
2450 4776 2686 4832 Ecclesia
2713 4783 2839 4831 ante
2865 4774 3035 4830 altare
3059 4772 3179 4839 Dei,
3200 4771 3274 4827 ita
3301 4787 3402 4828 nos
3426 4772 3483 4828 in
3503 4771 3596 4829 die
3610 4770 3796 4842 judicii

620 4906 645 4934 ι
671 4893 805 4951 Cod.
835 4902 1063 4969 monast.
1088 4894 1155 4969 de
1184 4894 1557 4969 Appannis‘ita
1586 4897 1808 4967 incipit:
1841 4898 2120 4969 Superiore

548 4972 788 5038 tractatu,
817 4966 863 5018 si
889 4966 1018 5038 bene
1055 4965 1240 5019 retinet
1273 4967 1523 5019 sanctitas
1559 4965 1747 5032 vestra,
1789 4965 2117 5038 promisimus

548 5049 643 5087 nos
668 5033 730 5102 de
759 5035 1014 5102 omnibus,
1035 5042 1140 5090 etc.

622 5116 648 5139 δ
671 5100 838 5170 Plane
863 5100 1003 5170 ﬁdei.

621 5179 644 5209 ε
675 5168 893 5223 Diabolo
919 5184 1028 5226 esse
1054 5173 1408 5227 commonitos.

615 5236 643 5277 ἀ
673 5238 1046 5323 ρξεεςηάςηιεε
1073 5244 1128 5294 in
1158 5244 1590 5323 fontem,_[ontem
1618 5256 1841 5323 ερας-απ.

616 5319 644 5347 θ
670 5307 899 5382 Eﬂ‘ectus
921 5317 1089 5382 tamen
1118 5307 1230 5382 ejus
1259 5307 1491 5379 specialis
1529 5326 1602 5382 est
1624 5309 1719 5364 Dei
1744 5313 1909 5382 gratia
1937 5322 1985 5366 et
2011 5315 2115 5367 vir-

546 5387 651 5433 tute
668 5377 921 5450 procedit,
940 5380 1048 5450 qui”
1064 5377 1250 5433 creavit
1278 5377 1457 5450 agnas,
1496 5378 1674 5450 quibus
1694 5377 1983 5450 corporales
2002 5399 2115 5435 sor-

543 5450 635 5503 des
668 5465 729 5501 ac
761 5446 978 5500 visibiles
999 5447 1277 5522 diluuntur.
1298 5446 1334 5503 Ι
1329 5464 1416 5519 pse
1434 5446 1554 5522 ergo
1569 5446 1910 5520 sanctiﬁcarit
1930 5468 2111 5522 aquas,

544 5534 636 5592 per
661 5532 786 5588 quas
815 5526 1007 5592 secreta
1034 5520 1274 5586 potentia
1299 5535 1408 5573 sua:
1425 5519 1605 5573 virtute
1626 5519 1855 5591 peccata,
1878 5519 1992 5592 qua?
2011 5537 2113 5575 non

546 5585 778 5643 uidentur
806 5585 1050 5640 ablueret.

620 5699 635 5728 ⁸
668 5694 873 5750 Titulus
901 5694 954 5748 iu
982 5692 1110 5749 edit.
1134 5711 1146 5747 :
1180 5693 1257 5747 De
1281 5696 1523 5758 mysterio
1550 5696 1896 5766 baptismatis.

2294 4905 2313 4945 τ
2345 4906 2661 4962 Μενεαηιιιν.

2290 4986 2314 5046 tt
2347 4976 2445 5046 Qui
2470 4987 2620 5032 natus
2646 4986 2721 5033 est
2743 4976 2807 5030 de
2834 4975 3036 5046 Spiritu
3060 4984 3248 5046 sancto
3260 4984 3310 5029 et
3337 4973 3515 5029 llas-ia
3538 4975 3758 5046 virgine.

2292 5044 2315 5127 [ι
2349 5044 2541 5127 {terum
2567 5044 2994 5127 interrogavimus
3014 5064 3034 5100 :
3060 5054 3111 5101 et
3137 5047 3192 5101 in
3210 5044 3469 5115 Spiritum
3495 5044 3759 5099 sanc'tunt.

2292 5114 2307 5149 ί
2346 5114 2623 5185 Dissipatis
2643 5114 2770 5172 suis.

2292 5185 2306 5256 ξ
2345 5182 2444 5256 Qui
2465 5182 2562 5256 pro
2590 5188 2727 5256 quia.

2291 5251 2314 5289 ¹⁶
2345 5251 2523 5307 Credis
2562 5251 2796 5308 sanctam
2841 5253 3129 5311 Ecclesium
3166 5252 3368 5322 absque
3407 5251 3802 5322 prmpositione

2217 5321 2301 5386 in,
2342 5322 2537 5403 deinde
2582 5324 2729 5378 addit
2756 5325 3107 5380 remissionem
3153 5321 3476 5394 peccatorum
3523 5329 3577 5377 et
3613 5322 3805 5376 carnis

2218 5402 2655 5447 resurrectionem.

2294 5457 2312 5498 ι
2346 5458 2435 5514 Sic
2461 5471 2511 5514 et
2535 5463 2591 5514 in
2616 5461 2923 5521 Ecclesium.

2288 5538 2327 5566 ω
2356 5529 2517 5586 Deest
2540 5546 2669 5587 esse.
