4054 6194
203 312 303 367 177

1278 305 1682 365 TRACTATUS
1717 303 1802 363 lll.
1845 308 1932 363 DE
1971 304 2320 368 BAPTISMO.

3341 305 3454 372 778

200 434 229 461 ε·
257 427 498 478 staturos
525 420 805 475 credamus
832 427 957 474 ante
988 418 1215 473 tribunal
1246 419 1357 481 Dei,
1384 420 1595 473 dicente
1624 421 1781 475 beato
1810 425 1854 479 A
1882 437 2097 491 semper
2123 423 2334 485 ardeat,
2382 429 2437 475 et
2482 425 2752 490 nunquam
2796 420 3033 476 ardcndo
3059 420 3289 477 deﬁciat.
3335 422 3455 478 lloc

201 511 452 582 apostolo
482 508 682 563 Paulo:
715 510 903 562 Omnes
937 524 1031 562 nos
1067 509 1390 576 manifestari
1430 516 1626 577 oportet
1662 517 1785 561 ante

202 599 432 655 tribunal
451 596 660 662 Christi,
683 606 737 649 ut
756 599 947 668 referat
966 596 1304 665 unusquisque
1324 597 1533 665 propria
1553 596 1783 665 corporis

202 692 307 753 sui,
336 698 488 759 prout
522 688 699 758 gessit,
736 686 839 740 sive
866 684 1051 740 bonum
1080 685 1183 738 sive
1208 685 1401 737 malum
1437 683 1525 752 (ΙΙ
1551 683 1669 737 Cor.
1702 685 1780 753 v).

206 780 276 834 Et
306 780 359 835 id
385 787 467 833 est
485 777 629 846 quod
658 777 897 831 inﬁdeles
924 776 1113 831 anima:
1132 790 1241 830 non
1268 775 1495 831 credunt
1522 776 1780 829 futurum.

208 869 277 924 Et
296 876 421 923 sunt
441 868 604 937 aliqui
624 867 717 935 qui
738 866 889 921 labiis
908 866 1127 921 credere
1149 866 1486 937 promittunt,
1509 865 1602 919 sed
1622 864 1787 919 corde

205 961 529 1030 desperant;
559 958 651 1027 qui
690 957 944 1026 grandem
986 956 1339 1025 omnipotenti
1384 954 1495 1010 Deo
1538 954 1785 1023 iujuriam

205 1052 433 1115 faciunt,
464 1064 496 1103 a
522 1063 631 1117 quo
658 1047 904 1102 homines
930 1054 1055 1116 post
1084 1055 1313 1102 mortem
1352 1045 1597 1101 suscitari
1625 1054 1681 1099 et
1706 1047 1786 1101 vi-

203 1141 417 1196 viﬁcari
444 1153 604 1209 posse
634 1152 742 1191 non
782 1136 1024 1191 credunt.
1056 1136 1164 1191 Nos
1209 1146 1410 1199 autem,
1458 1136 1549 1206 qui
1593 1135 1788 1191 divinis

206 1231 435 1285 vocibus
477 1229 788 1283 adhibemus
831 1226 1007 1289 ﬁdem,
1059 1227 1126 1281 de
1167 1226 1557 1280 resurrectione
1601 1233 1786 1280 nostra

206 1323 458 1376 dubitare
487 1336 593 1375 non
621 1334 921 1389 possumus.
952 1317 1231 1372 Credimus
1275 1318 1416 1371 enim
1446 1316 1587 1385 quod
1622 1316 1782 1379 Deus,

206 1409 307 1479 qui
337 1409 462 1463 fecit
488 1407 752 1472 homines,
782 1421 903 1460 cum
928 1414 1052 1459 ante
1081 1422 1187 1460 non
1215 1405 1457 1472 fuissent,
1490 1405 1642 1460 facile
1663 1421 1789 1475 pos-

205 1507 282 1558 sit
310 1501 536 1557 reﬁcere
562 1501 652 1569 qui
682 1500 915 1554 fuerunt.
964 1499 1064 1564 Qui
1112 1500 1323 1565 emtum,
1373 1506 1427 1553 et
1470 1506 1686 1563 terram,
1732 1506 1789 1552 et

206 1594 419 1659 maria,
466 1600 523 1646 et
547 1605 665 1660 qua:
693 1591 746 1644 in
776 1591 855 1644 eis
901 1598 1044 1655 sunt,
1089 1598 1249 1659 atque
1295 1590 1474 1643 omnia
1523 1589 1786 1644 elementa

206 1687 342 1742 fecit
367 1700 431 1739 ex
462 1684 652 1746 nihilo,
684 1681 1089 1750 quomodo‘non
1117 1690 1296 1751 potest
1323 1696 1571 1750 reparare
1608 1681 1785 1735 homi-

1886 514 2028 567 cnim
2058 524 2113 567 et
2144 513 2351 567 Domini
2391 514 2557 567 nostri
2596 512 2723 566 Jcsu
2747 512 2946 568 Christi
2990 526 3164 567 sermo
3206 521 3452 581 testatur,

1884 604 1976 670 qui
2006 603 2059 655 in
2087 601 2374 669 Evangelio
2396 602 2462 655 de
2491 602 2856 670 peccatoribus
2885 600 3245 669 pronuntiavit
3272 620 3283 652 :
3312 601 3456 655 Tunc

1883 691 2029 744 ibunt
2047 693 2189 761 impii
2210 693 2263 744 in
2284 692 2585 761 supplicium
2608 701 2872 755 aeternum,
2886 691 3017 761 justi
3037 701 3204 745 autem
3226 693 3279 745 in
3300 694 3457 747 vitam

1886 791 2131 836 wternam
2152 780 2376 853 (Matth.
2404 782 2562 850 xxv).
2613 780 2630 819 ί
2682 782 2806 836 llaec
2831 788 3008 835 autem
3035 796 3153 849 qua:
3181 782 3459 850 hucusque

1885 872 2134 939 diximus,
2166 882 2449 943 postquam
2492 888 2585 928 vos
2613 873 2833 929 credere
2864 875 3212 943 promisistis,
3244 885 3269 922 Β
3296 860 3463 931 ῑεινιὶσ

1886 978 2114 1033 corpora
2142 972 2320 1018 vestra
2349 965 2402 1017 in
2431 979 2584 1019 sacro
2614 964 2761 1019 fonte
2795 964 3163 1020 demersimus.
3195 966 3297 1032 Qui
3324 966 3458 1022 ordo

1885 1055 2220 1124 baptismatis
2239 1054 2436 1125 duplici
2457 1056 2695 1126 mysterii
2722 1052 3108 1123 signiﬁcatione
3135 1056 3455 1112 celebratur.

1889 1143 2055 1199 Recte
2082 1145 2222 1198 enim
2252 1145 2409 1198 tertio
2438 1145 2599 1198 mersi
2630 1144 2777 1209 estis,
2826 1145 2917 1214 qui
2945 1146 3227 1215 accepistis
3255 1147 3458 1216 baptis-

1887 1247 2034 1287 mum
2062 1230 2091 1269 ιι
2122 1232 2175 1285 in
2201 1233 2418 1287 nomine
2443 1231 2570 1287 Jesu
2598 1232 2814 1298 Christi,
2843 1234 2936 1301 qui
2961 1234 3119 1288 tertia
3146 1235 3234 1289 die
3273 1252 3459 1291 resur-

1886 1320 2029 1374 rexit
2069 1336 2101 1374 a
2144 1321 2387 1375 mortuis.
2426 1321 2521 1374 llla
2552 1321 2693 1374 enim
2740 1322 2898 1376 tertio
2938 1323 3165 1392 repetita
3192 1324 3458 1385 demersio

1886 1418 2072 1480 typum
2094 1410 2379 1465 dominica:
2405 1410 2654 1480 exprimit
2677 1411 2979 1480 sepulturae,
3003 1427 3099 1481 per
3119 1426 3278 1481 quam
3306 1413 3461 1469 Chri-

1887 1508 1972 1554 sto
1993 1501 2292 1569 consepulti
2313 1501 2440 1555 estis
2460 1500 2514 1554 iu
2535 1501 2820 1569 baptismo,
2839 1510 3035 1558 etcum
3056 1502 3268 1560 Christo
3289 1521 3462 1561 resur-

1886 1590 2100 1644 rexistis
2129 1590 2183 1644 in
2211 1588 2333 1654 ﬁde,
2360 1598 2418 1643 ut
2440 1592 2673 1659 peccatis
2701 1592 2869 1646 abluti
2898 1593 2951 1646 in
2979 1595 3264 1649 sanctitate
3290 1597 3462 1651 virtu-

1887 1686 2002 1732 tum
2017 1678 2285 1733 Christum
2300 1679 2491 1733 vivatis
2506 1680 2781 1735 imitando.
2804 1680 2955 1736 Unde
2974 1683 3162 1738 beatus
3176 1684 3463 1753 Apostolus

206 1789 341 1837 nes,
373 1788 508 1843 quos
538 1772 657 1826 ideo
684 1771 812 1825 fecit
854 1779 913 1823 ut
936 1771 987 1823 in
1018 1770 1119 1825 hac
1157 1771 1263 1823 vita
1304 1779 1523 1836 agerent
1561 1769 1701 1823 unde
1731 1770 1783 1823 in
1814 1775 1862 1834 Β
1888 1770 1999 1823 ait:
2033 1770 2113 1823 An
2146 1770 2396 1840 ignoratis
2434 1771 2673 1839 quoniam
2701 1771 2983 1843 quicunque
3019 1772 3262 1842 baptizati
3290 1792 3463 1831 sumus

204 1864 319 1918 alia
343 1863 727 1932 iudicarentur,
763 1869 817 1915 et
843 1861 929 1915 vel
958 1877 1053 1930 pro
1082 1861 1224 1915 bona
1251 1861 1522 1916 voluntate
1545 1860 1782 1929 prmmia,

202 1956 300 2010 vel
339 1970 437 2024 pro
473 1954 611 2008 mala
656 1952 913 2022 supplicia
959 1952 1329 2006 mererentur?
1356 1949 1482 2005 Haec
1517 1956 1600 2005 est
1644 1950 1785 2003 enim

202 2047 634 2102 Christianorum
662 2044 1045 2099 catholicorum
1092 2042 1242 2108 ﬁdes,
1275 2050 1335 2097 ut
1377 2042 1656 2098 credamus
1686 2056 1784 2096 nos

202 2154 339 2193 cum
364 2136 467 2191 hac
493 2136 546 2189 in
569 2150 673 2204 qua
696 2150 835 2189 nunc
862 2149 1043 2188 sumus
1063 2133 1237 2187 anima
1262 2146 1557 2199 resurgere,
1581 2131 1783 2185 haben-

203 2238 297 2282 tes
317 2226 346 2265 lt
365 2227 613 2281 idoneum
636 2224 823 2278 lutum:
842 2231 1038 2279 nostra:
1058 2223 1462 2277 resurrectionis
1481 2220 1784 2290 exemplum

203 2320 497 2375 Dominum
524 2326 787 2383 nostrum,
811 2315 1043 2370 Verbum
1075 2314 1267 2378 Patris,
1290 2314 1521 2382 quicum
1544 2313 1614 2367 sit
1643 2312 1785 2367 Deus

200 2418 262 2466 ct
296 2410 391 2464 Dei
410 2408 591 2472 Filius,
620 2419 643 2446 ο
667 2423 762 2461 seu
780 2406 1035 2472 Verbum,
1058 2414 1113 2460 et
1131 2405 1418 2460 secundum
1438 2403 1784 2461 substantiam

200 2499 509 2555 divinitatis
535 2497 681 2551 Patri
722 2504 1021 2552 comternus
1048 2504 1105 2551 et
1132 2495 1598 2551 consubstantialis
1617 2536 1632 2561 ,
1663 2492 1784 2548 idco

199 2600 416 2646 natura:
462 2598 660 2644 nostra:
700 2589 933 2657 suscepit
981 2588 1275 2654 hominem,
1317 2586 1468 2655 juxta
1513 2601 1670 2654 quem
1718 2586 1787 2641 de

199 2682 418 2748 virgine
448 2678 612 2745 nasci,
646 2686 700 2732 et
726 2686 911 2748 postea
951 2677 1090 2747 pati,
1121 2688 1176 2730 et
1215 2668 1361 2730 mori'
1396 2676 1584 2741 voluit,
1616 2684 1672 2729 et
1699 2675 1786 2730 die

201 2772 371 2827 tertia
394 2772 556 2841 716
579 2769 894 2835 resurrexit,
913 2767 941 2806 ά
963 2776 1017 2822 et
1036 2767 1274 2822 ascendit
1294 2768 1347 2821 in
1371 2768 1583 2833 cmlum,
1610 2776 1668 2822 ut
1685 2784 1786 2824 nos

200 2862 275 2915 ad
299 2876 449 2930 spem
481 2858 887 2915 resurrectionis
914 2858 1250 2924 accenderet,
1280 2866 1339 2911 ut
1365 2858 1442 2911 sic
1470 2873 1569 2911 nos
1594 2858 1785 2913 creda-

202 2966 332 3006 mus
350 2966 419 3006 es
438 2950 664 3005 mortuis
683 2948 1036 3013 suscitandos,
1052 2947 1500 3017 quemadmodum
1517 2947 1784 3003 Christum

200 3050 228 3078 ο
261 3056 334 3094 ex
372 3040 595 3095 mortuis
621 3039 978 3094 resurrexisse
1023 3036 1359 3092 conﬁtemur.
1403 3037 1554 3092 Unde
1598 3039 1787 3094 beatus

1887 1861 1942 1914 in
1970 1859 2172 1915 Christo
2200 1861 2350 1925 Jesu,
2378 1863 2433 1914 in
2458 1870 2620 1915 morte
2642 1864 2801 1931 ipsius
2830 1865 3077 1934 baptizati
3107 1884 3301 1922 sumus.
3329 1870 3464 1924 Conc

1888 1950 2072 2019 sepulti
2098 1951 2233 2003 enim
2251 1966 2426 2003 sumus
2458 1967 2572 2004 cum
2598 1952 2689 2005 illo
2715 1970 2807 2021 per
2826 1952 3133 2023 baptismum
3155 1958 3207 2010 in
3228 1967 3462 2023 mortem,

1886 2050 1943 2094 ut
1967 2042 2219 2110 quomodo
2257 2045 2479 2097 surrexit
2507 2042 2740 2099 Christus
2774 2063 2839 2099 ea:
2872 2050 3089 2102 mortuis
3128 2067 3219 2119 per
3246 2053 3466 2120 gloriam

1888 2130 2084 2198 Patris,
2108 2133 2183 2185 ita
2220 2142 2270 2185 et
2288 2150 2381 2187 nos
2400 2134 2455 2186 in
2483 2135 2708 2188 novitate
2734 2136 2851 2189 vita:
2874 2136 3209 2191 ambulemus.
3241 2140 3303 2193 Si
3327 2142 3465 2194 enim

1888 2223 2225 2293 complantati
2253 2225 2379 2294 facti
2398 2240 2572 2278 sumus
2600 2226 2927 2280 similitudini
2958 2231 3111 2282 morti
3138 2230 3279 2297 ejus,
3309 2233 3462 2285 simul

1887 2320 1936 2365 et
1971 2314 2357 2367 resurrectionis
2383 2316 2591 2381 erimus,
2620 2316 2715 2368 hoc
2738 2317 2953 2370 scientes
2973 2318 3107 2387 quod
3134 2330 3271 2373 vetus
3310 2321 3463 2375 homo

1887 2410 2062 2456 noster
2081 2403 2235 2456 simul
2253 2404 2529 2474 cruciﬁxus
2549 2414 2641 2472 est,
2660 2415 2716 2458 ut
2735 2405 3028 2460 destruatur
3040 2425 3225 2477 corpus
3243 2413 3460 2480 peccati,

1886 2503 1943 2547 ut
1961 2494 2097 2547 ultra
2118 2512 2219 2551 non
2242 2497 2519 2550 serviamus
2538 2506 2746 2566 peccato
2769 2498 2945 2569 (Rom.
2968 2498 3063 2570 vi).
3086 2498 3458 2567 Considerate,

1895 2583 1913 2622 ί
1946 2584 2141 2641 fratres
2160 2621 2176 2651 ,
2205 2600 2309 2654 qua
2337 2587 2644 2642 conditione
2684 2587 2973 2657 Apostolus
3001 2604 3100 2644 nos
3124 2605 3243 2645 csse
3269 2593 3464 2649 dixerit

1886 2677 2205 2745 baptizatos,
2234 2684 2290 2728 ut
2316 2677 2483 2742 ultra,
2532 2677 2730 2746 inquit,
2781 2695 2885 2732 non
2928 2680 3205 2734 serviamus
3232 2692 3460 2750 peccato.

1888 2766 2017 2834 Quzc
2043 2769 2186 2824 enim
2209 2776 2357 2823 tanta
2378 2777 2478 2835 est,
2501 2785 2609 2824 non
2637 2770 2777 2837 dico,
2801 2771 3141 2840 negligentia,
3164 2772 3259 2827 sed
3278 2788 3463 2829 amen-

1888 2861 1983 2926 tia,
2012 2876 2133 2916 cum
2156 2874 2252 2931 per
2278 2861 2600 2930 baptismum
2640 2863 2910 2931 acceperis
2935 2864 3306 2919 remissionem
3330 2880 3459 2935 pec-

1888 2960 2153 3018 catorum,
2181 2951 2405 3020 obligari
2430 2952 2565 3007 velle
2591 2953 2824 3022 peccatis
2852 2971 2864 3005 :
2897 2955 3055 3024 717
3086 2964 3146 3008 ut
3167 2956 3258 3023 qui
3288 2954 3460 3010 factus

1890 3040 2069 3096 fueras
2098 3058 2165 3096 ex
2194 3048 2480 3111 peccatore
2522 3050 2757 3107 sanctus,
2785 3058 2970 3097 rursus
3009 3058 3077 3096 ex
3122 3054 3309 3099 sancto
3332 3046 3465 3101 velis

202 3131 501 3201 Apostolus
523 3130 812 3185 inﬁdelium
826 3130 1030 3184 animos
1046 3130 1288 3198 increpat
1300 3128 1484 3183 dicens
1505 3146 1517 3180 :
1537 3127 1597 3181 Si
1612 3138 1779 3181 autent
1810 3134 1857 3196 ρ
1889 3146 2007 3186 esse
2028 3140 2299 3199 peccator,
2324 3140 2379 3185 et
2399 3138 2520 3200 post
2540 3146 2752 3185 sacrum
2780 3122 2929 3185 illum
2952 3131 3176 3197 fontem,
3199 3148 3306 3202 quo
3326 3151 3463 3189 non-

200 3222 445 3275 Christus
482 3220 793 3290 prwdicatur
830 3221 965 3291 quod
1001 3220 1277 3273 resurrexit
1310 3235 1343 3271 a
1378 3220 1620 3281 mortuis,
1657 3235 1784 3289 quo-

201 3313 362 3366 modo
385 3312 591 3381 quidam
619 3312 795 3364 dicunt
818 3312 873 3363 in
894 3309 1030 3364 vobis
1050 3311 1289 3379 quoniam
1316 3310 1617 3362 resurrectio
1648 3324 1787 3362 mor-

202 3410 416 3455 tuorum
436 3418 537 3454 non
561 3408 636 3453 est
663 3397 719 3468 (1
738 3398 857 3453 Cor.
883 3399 1009 3469 xv)?
1032 3398 1145 3453 Hoc
1172 3411 1301 3465 ergo
1326 3405 1505 3451 tenete
1531 3404 1785 3451 constan-

202 3500 293 3546 ter
320 3498 378 3544 et
401 3489 601 3544 credite
618 3530 633 3555 ,
661 3488 805 3558 quod
845 3487 1035 3543 divinis
1061 3488 1280 3542 vocibus
1308 3486 1624 3554 afﬁrmatur,
1661 3487 1786 3555 quia

199 3579 535 3635 resurrectio
562 3581 631 3633 sit
668 3579 879 3647 futura,
928 3580 982 3632 in
1010 3593 1115 3648 qua
1163 3578 1359 3633 sanctis
1406 3577 1650 3632 omnibus
1695 3578 1787 3646 qui

200 3670 483 3725 Christum
529 3670 753 3739 diligunt
803 3678 860 3723 et
903 3668 1019 3737 ejus
1063 3667 1263 3721 faciunt
1311 3668 1637 3721 voluntatem
1681 3666 1783 3721 im-

201 3762 516 3818 mortalitas
542 3762 774 3831 gloriosa
804 3761 1052 3816 donanda
1075 3768 1178 3825 est,
1209 3769 1267 3814 ut
1293 3761 1346 3815 in
1368 3768 1657 3830 conspectu
1691 3761 1787 3816 Dei

202 3869 330 3909 cum
381 3853 583 3919 angelis
610 3860 664 3906 et
692 3853 998 3907 coelestibus
1044 3851 1327 3906 virtutibus
1373 3851 1428 3905 in
1475 3859 1789 3921 perpetuum

200 3944 531 4014 glorientur.
563 3942 806 3997 luﬁdelcs
848 3957 977 3997 vero
1020 3950 1074 3995 ct
1123 3950 1452 4011 peccatores,
1498 3951 1554 3999 et
1579 3943 1671 4011 qui
1695 3941 1791 3998 Dei

202 4041 481 4102 prmcepta
506 4028 852 4097 nonfaciuut,
876 4032 941 4086 ad
965 4032 1067 4087 hoc
1087 4046 1365 4099 resurgere
1392 4040 1451 4087 ut
1478 4034 1792 4089 immortalis

202 4141 403 4182 eorum
448 4124 589 4182 facta
634 4142 761 4182 caro
800 4125 1016 4181 :eternis
1062 4124 1323 4181 incendiis
1360 4125 1679 4194 deputetur;
1732 4137 1792 4181 ut

1885 3222 1986 3275 nisi
2032 3221 2198 3275 semel
2242 3221 2387 3273 ablui
2434 3221 2576 3285 licet,
2626 3222 2822 3275 iterum
2868 3220 2936 3275 ad
2980 3223 3233 3276 vitiorum
3277 3226 3464 3282 sordes

1884 3311 2104 3367 reverti.
2135 3310 2410 3364 Attendite
2453 3324 2583 3379 ergo
2600 3349 2616 3375 ,
2659 3310 3023 3375 dilectissimi,
3051 3320 3111 3366 ut
3135 3312 3280 3381 quod
3307 3330 3465 3372 accc-

1887 3402 2058 3473 pistis,
2082 3399 2333 3470 quodque
2349 3399 2461 3468 jam
2482 3400 2705 3455 ulterius
2726 3413 2758 3453 a
2773 3400 2927 3455 vobis
2946 3401 3114 3471 accipi
3134 3417 3242 3456 non
3264 3412 3460 3473 potest,

1889 3508 2058 3562 usque
2079 3491 2146 3547 ad
2169 3490 2326 3546 ﬁnem
2348 3491 2610 3559 integrum
2636 3490 3147 3562 immaculatumque
3168 3495 3327 3564 718
3346 3510 3465 3549 ser-

1890 3584 2054 3649 vetis;
2084 3590 2138 3637 et
2165 3581 2330 3636 semel
2359 3580 2535 3639 etl'ecti
2560 3582 2762 3650 absque
2790 3590 3032 3651 peccato,
3064 3582 3117 3636 in
3143 3596 3403 3654 perpetuo
3427 3602 3460 3639 a

1891 3674 2126 3745 peccatis
2164 3672 2411 3727 omnibus
2451 3671 2736 3727 recedatis.
2776 3670 3018 3728 Christus
3042 3675 3205 3743 enim,
3247 3676 3337 3745 qui
3366 3692 3461 3730 vos

1892 3769 2127 3840 pollutos
2153 3782 2217 3821 ac
2240 3765 2503 3821 diabolica
2524 3765 2775 3820 suasione
2794 3765 3095 3822 sordidatos
3117 3782 3212 3822 sua
3238 3768 3459 3822 misera-

1894 3862 2040 3916 tione
2066 3858 2358 3923 mundavit,
2385 3872 2495 3911 non
2516 3857 2630 3910 vult
2648 3857 2934 3912 mundatos
2959 3858 3150 3912 iterum
3179 3857 3459 3913 sordidari.

1893 3950 2030 4005 Huic
2052 3949 2222 4018 gloria
2249 3955 2305 4001 et
2331 3948 2505 4000 honor
2532 3954 2655 4000 eum
2685 3945 2864 4011 Patre,
2886 3954 2942 4002 et
2969 3941 3173 4017 Spiritu
3196 3956 3382 4003 sancto
3409 3948 3460 4003 iu

1893 4039 2085 4095 saecula
2105 4037 2441 4094 saaculorum.
2476 4038 2666 4090 Amen.

1350 4264 2043 4351 TRACTATUS
2118 4267 2275 4349 III.

1588 4418 1672 4471 DE
1704 4421 2019 4473 BAPTISMO
2049 4424 2089 4471 ⁸.

274 4522 569 4590 llucusquc
593 4522 660 4576 dc
687 4520 953 4591 mysteriis
989 4520 1157 4576 locuti
1183 4535 1364 4576 sumus
1394 4535 1515 4591 qua:
1539 4524 1626 4578 vel
1658 4533 1783 4580 ante
1812 4531 1863 4591 ι)
1886 4526 2029 4581 ditur
2065 4523 2347 4594 baptizatis
2372 4521 2605 4591 regalem
2648 4526 2705 4573 et
2740 4516 3125 4574 sacerdotalem
3153 4518 3381 4573 coulerri
3422 4535 3455 4575 a

198 4614 551 4684 baptismatis
575 4620 989 4677 sacramentum,
1018 4611 1104 4665 vel
1132 4611 1185 4665 in
1215 4612 1332 4680 ipso
1357 4611 1679 4681 baptismate
1699 4629 1789 4670 ce-

199 4706 509 4762 lebrantur.
558 4706 707 4759 Nunc
744 4718 873 4758 vero
898 4702 966 4757 de
991 4702 1073 4759 his
1101 4702 1271 4757 acturi
1311 4719 1494 4759 sumus
1531 4719 1650 4772 qua:
1682 4705 1696 4754 i
1736 4705 1789 4758 in

193 4796 317 4867 jam
345 4795 632 4865 baptizatis
676 4803 860 4848 sancta
898 4792 1232 4847 institutione
1277 4793 1631 4862 complentur.
1680 4794 1787 4849 lm-

196 4886 362 4957 pleto
391 4886 535 4939 enim
563 4885 904 4954 baptismate,
951 4891 1113 4952 caput
1139 4891 1375 4938 vestrum
1401 4884 1706 4953 chrismate,
1736 4886 1789 4941 id

197 4983 291 5032 est
312 4975 441 5030 oleo
468 4972 906 5030 sanctiﬁcationis
930 4970 1276 5039 intundimus,
1309 4986 1407 5041 per
1432 4971 1574 5042 quod
1603 4981 1787 5030 osten-

279 5139 314 5169 ⁸
346 5131 585 5184 Staturos
615 5146 724 5182 esse
745 5129 1032 5183 credamus.
1098 5140 1115 5157 '

276 5198 313 5238 ι)
346 5198 600 5252 Idoneum
627 5200 1010 5252 resurrectionis
1032 5196 1317 5265 exemplum
1340 5194 1597 5251 Christum
1624 5197 1788 5265 ipsum

197 5268 498 5326 Dominum
526 5276 756 5322 nostrum
792 5267 1011 5321 Verbum
1033 5267 1227 5321 Patris.

285 5351 315 5378 ο
348 5337 489 5391 Deus
519 5338 758 5391 Verbum.

280 5408 313 5445 ά
348 5407 418 5460 Et
446 5408 672 5461 ascendit
700 5408 752 5461 in
774 5406 943 5461 caelos.

283 5490 313 5517 ο
356 5476 709 5531 Resurrearisse
728 5496 759 5529 a
779 5478 1011 5530 mortuis.

283 5547 307 5587 ι
343 5545 476 5601 ch
504 5556 619 5600 sunt
645 5556 812 5599 autem
838 5563 966 5615 qua'.

1894 4615 2122 4671 Domino
2164 4615 2496 4682 dignitatem.
2547 4611 2680 4665 Nam
2723 4610 2778 4664 iu
2806 4608 2985 4664 Veteri
3024 4607 3366 4665 Testamento
3407 4612 3462 4669 hi

1892 4708 1982 4778 qui
2011 4707 2324 4773 legebantur
2348 4705 2401 4759 in
2428 4702 2730 4758 sacerdotio
2754 4701 2838 4755 vel
2870 4701 2922 4754 in
2950 4714 3136 4768 regno,
3159 4710 3347 4757 sancto
3375 4719 3460 4757 un-

1891 4796 2154 4863 gebantur
2174 4794 2296 4847 oleo
2317 4800 2373 4846 et
2393 4792 2646 4845 unctione
2666 4790 2887 4858 capitis;
2917 4788 3005 4842 alii
3028 4787 3054 4825 ¹ί
3074 4789 3347 4855 regnandi,
3372 4792 3461 4846 alii

1890 4882 2149 4941 sacriﬁcia
2173 4881 2431 4938 efferendi
2453 4881 2789 4949 accipiebant
2816 4896 2846 4933 a
2867 4879 3093 4934 Domino
3118 4888 3456 4949 potestatem.

1894 4976 2045 5033 Sicut
2073 4982 2317 5031 sanctum
2361 4955 2621 5027 David'et
2647 4978 2873 5027 cazteros
2914 4984 3068 5039 reges
3114 4980 3305 5028 unctos
3332 4974 3462 5045 legi~

1969 5140 1995 5177 8
2026 5128 2203 5184 Tertio
2216 5127 2391 5197 capita
2407 5136 2589 5197 vestra.

1966 5198 1996 5237 ιι
2026 5197 2093 5275 In
2120 5190 2327 5275 nomine
2348 5194 2631 5275 Trinitatis.
2665 5190 2821 5272 Recte
2838 5191 3179 5275 ’tertig‘mersi
3204 5198 3325 5251 estis
3345 5238 3359 5264 ,
3381 5200 3469 5267 qui

1895 5267 2159 5339 accepistis
2189 5267 2491 5335 baptismum
2510 5264 2565 5316 in
2593 5262 2797 5314 nomine
2823 5258 3175 5340 JesuoChristi.

1972 5338 1987 5376 ί
2023 5338 2239 5390 Fratres
2267 5334 2515 5389 carissimi
2532 5350 2549 5390 ;
2578 5329 2769 5387 deinde
2796 5331 2992 5386 omittit
3019 5348 3128 5387 nos.

1973 5370 1987 5376 -
2023 5370 2055 5389 ι-
2076 5370 2238 5390 “meo
2267 5370 2545 5397 suum...”
2578 5370 2769 5387 ..ωηυν
2796 5370 2992 5386 sum...
3019 5370 3128 5387 ην...

1970 5414 1984 5458 l
2024 5407 2233 5459 Omittit
2254 5408 2329 5458 in.

1969 5478 1991 5514 δε
2022 5476 2290 5547 Regnandi
2319 5475 2373 5527 in
2402 5472 2587 5544 populo
2614 5468 2730 5523 Dei.

276 5656 302 5689 ⁸
331 5652 393 5709 In
413 5653 645 5710 editione
675 5654 856 5707 titulus
885 5661 965 5706 est
990 5672 1001 5705 :
1030 5653 1211 5708 Sermo
1234 5654 1296 5707 de
1325 5656 1563 5707 unctione
1592 5654 1773 5719 capitis
1812 5663 1859 5707 ct
1878 5651 2089 5721 pedibus
2113 5649 2362 5705 Lirandis.

457 5750 727 5808 Pnnon.
775 5747 963 5807 L‘t'll.
