4054 6194
1721 349 1781 406 8.
1823 349 2066 406 HAXIMI
2101 347 2554 408 TAIIRINENSIS

1729 473 2425 560 TRACTATUS
2480 475 2512 554 Ι
2528 475 2558 554 l
2571 533 2590 554 .

1935 608 2019 662 DE
2044 609 2359 662 BAPTISHO
2386 616 2426 660 ⁸.

601 715 761 786 713
788 713 1134 768 Promisimus
1165 722 1189 751 ι
1219 712 1392 782 primo
1431 721 1665 769 tractatu
1703 729 1803 769 nos
1828 714 1898 770 de
1924 714 2102 769 omni-
2130 717 2178 775 Α
2205 713 2339 769 toris
2360 713 2665 783 imperium,
2681 713 2913 783 quicum
2934 712 3002 768 ad
3023 711 3236 772 Patrem
3259 714 3314 772 in
3337 715 3505 774 caelos
3523 683 3772 774 ascende.

530 805 633 862 bus
659 819 779 873 qua:
801 819 898 873 per
924 803 1275 856 ministerium
1305 810 1544 857 nostrum
1572 813 1628 858 et
1653 801 1850 859 Christi
1881 805 2107 871 gratiam

531 896 806 952 consecuti
831 895 983 961 estis,
1012 893 1280 964 mysteriis
1307 893 1598 958 locuturos,
1629 909 1698 949 ne
1725 909 1831 963 qua
1861 895 2014 951 nobis
2041 895 2110 950 de

530 986 831 1055 ignorantia
860 985 1177 1053 negligentia
1227 992 1551 1039 nasceretur.
1597 983 1703 1038 Sed
1747 984 2110 1040 consuluimus

532 1075 703 1131 labori
722 1082 903 1129 vestro
923 1082 978 1128 et
999 1073 1289 1139 memoriae,
1313 1073 1660 1144 providentes
1685 1088 1752 1128 ne
1771 1083 1864 1129 aut
1882 1075 2109 1129 lassatus

532 1165 799 1222 audiendo
828 1164 1036 1218 animus
1077 1165 1256 1218 omnia
1302 1164 1600 1232 intelligere
1628 1180 1735 1218 non
1783 1172 1986 1233 posset,
2018 1171 2110 1217 aut

531 1257 821 1311 multorum
875 1254 1032 1308 simul
1081 1255 1390 1322 cognitione
1442 1255 1699 1308 memoria
1752 1261 2106 1323 praegravata,

532 1348 693 1402 etiam
715 1360 833 1416 quae
855 1345 1225 1408 intellexisset,
1252 1345 1361 1399 cito
1381 1345 1543 1398 oblita
1564 1343 1900 1414 deperderet.
1933 1343 2108 1398 Prima

533 1449 662 1503 ergo
691 1434 1070 1504 praedicatione
1111 1433 1180 1488 de
1219 1433 1300 1488 bis
1345 1440 1550 1488 tantum
1592 1432 1756 1488 locuti
1785 1449 1968 1489 sumus
1992 1448 2111 1502 qua:

533 1527 706 1592 vobis,
737 1525 1046 1595 priusquam
1067 1523 1133 1578 ad
1156 1522 1358 1578 fontem
1385 1531 1628 1578 sanctum
1661 1525 1930 1588 veniretis.
1955 1525 2110 1592 juxta

533 1616 814 1671 catholica:
840 1615 1039 1682 regulae
1065 1615 1307 1668 instituta
1337 1614 1681 1680 tradidimus;
1711 1622 1767 1668 et
1793 1614 1922 1684 quid
1948 1613 2112 1682 signi-

534 1705 722 1762 ﬁcaret
748 1707 930 1761 unctio
973 1721 1111 1774 quae,
1162 1705 1386 1759 diversis
1413 1705 1656 1774 corporis
1684 1705 1849 1758 vestri
1874 1703 2109 1758 adhibita

532 1792 791 1866 partibus,
815 1782 1083 1849 diversum
1103 1794 1432 1848 intellectum
1456 1793 1716 1861 designat,
1745 1801 1906 1864 prout
1931 1793 2113 1848 Domi-

535 1901 636 1940 nus
679 1884 882 1938 donare
927 1883 1176 1951 dignatus
1223 1891 1306 1938 est
1352 1882 1687 1952 interpretati
1733 1897 1940 1948 sumus,
1989 1897 2112 1937 cum

533 1976 926 2031 ostenderimus
955 1991 1050 2029 vos
1069 1990 1167 2044 per
1192 1975 1370 2028 oleum
1395 1972 1832 2029 sanctiﬁcationis
1859 1973 1927 2028 ad
1959 1973 2113 2030 audi.

2207 812 2310 868 ret,
2346 801 2358 840 ί
2395 803 2690 872 discipulis,
2719 803 2771 857 id
2798 810 2881 857 est
2907 803 3165 874 apostolis
3195 802 3535 860 demandavit
3561 805 3773 862 dicens:

2205 891 2402 947 Euntes
2428 892 2684 962 baptizata
2726 908 2900 946 omnes
2930 902 3103 962 gentes
3143 893 3199 948 in
3243 893 3448 950 nomine
3495 893 3706 960 Patris,
3735 906 3778 949 et

2206 981 2369 1050 Filii,
2397 991 2445 1036 et
2473 982 2701 1053 Spiritus
2745 981 2942 1046 sancti,
2986 981 3222 1036 docentes
3247 999 3333 1037 eos
3362 998 3567 1037 servare
3612 984 3777 1039 omnia

2205 1090 2514 1145 quacunque
2534 1073 2771 1128 mandavi
2795 1073 2929 1128 vobis
2950 1071 3162 1144 (Matth.
3185 1077 3388 1143 xxvm).
3414 1073 3584 1128 Nemo
3603 1081 3776 1128 autem

2205 1180 2328 1218 cum
2357 1164 2504 1220 audit
2531 1163 2767 1228 Patrem,
2797 1171 2853 1218 et
2881 1162 3070 1221 Filium
3091 1205 3106 1232 ,
3135 1172 3190 1220 et
3216 1162 3473 1236 Spiritum
3517 1173 3777 1234 sanctum,

2208 1264 2318 1309 tres
2342 1255 2482 1310 Deos
2523 1270 2621 1310 nos
2656 1253 2886 1310 testimet
2928 1253 3190 1311 conﬁteri.
3242 1254 3397 1322 Quod
3445 1257 3778 1324 sacrilegium

2207 1345 2348 1400 absit
2373 1344 2530 1412 longe
2559 1359 2590 1400 a
2611 1342 2712 1400 ﬁde
2739 1350 2921 1398 nostra
2946 1342 2959 1394 ι
2995 1345 3009 1393 l
3043 1342 3167 1413 quia
3197 1360 3359 1399 unum
3383 1345 3551 1402 Deum
3581 1354 3776 1402 tanttun

2207 1448 2344 1496 esse,
2367 1434 2482 1502 ipso
2511 1439 2818 1497 attestante,
2850 1433 3216 1500 cognovimus.
3241 1432 3373 1506 Ego,
3398 1434 3592 1504 inquit,
3623 1433 3775 1498 Deus,

2209 1534 2258 1578 et
2281 1541 2382 1578 non
2414 1533 2491 1579 est
2517 1524 2649 1580 alius
2677 1533 2865 1593 praeter
2901 1540 3007 1589 me;
3029 1523 3200 1595 justus
3227 1533 3275 1578 et
3305 1522 3550 1580 Saluator
3577 1542 3683 1580 non
3710 1535 3780 1580 est
3829 1573 3842 1580 -

2209 1625 2397 1686 prater
2422 1632 2518 1669 me.
2563 1613 2930 1670 Convertimini
2956 1615 3026 1668 ad
3052 1632 3164 1680 me,
3206 1625 3255 1669 et
3282 1616 3407 1670 salvi
3445 1617 3619 1680 eritis,
3667 1620 3794 1688 quia-

2209 1707 2274 1759 ab
2302 1713 2528 1759 extremo
2553 1714 2704 1760 terra:
2729 1721 2823 1775 ego
2856 1721 2968 1760 sum
2994 1703 3129 1758 Deus
3149 1747 3164 1772 ,
3193 1714 3242 1758 et
3270 1722 3372 1760 non
3391 1714 3467 1760 est
3491 1706 3626 1760 alius
3647 1723 3781 1774 prte—

2209 1801 2287 1846 ter
2309 1809 2388 1846 me
2412 1791 2565 1862 (Isai.
2596 1808 2717 1857 xcv,
2748 1801 2797 1845 et
2819 1791 2940 1848 Ose.
2973 1793 3109 1862 xui.)
3140 1791 3202 1847 Et
3235 1793 3290 1847 in
3314 1793 3420 1848 alio
3443 1793 3600 1848 libro.
3625 1796 3781 1864 Audi,

2210 1880 2380 1936 Israel
2417 1898 2434 1936 :
2475 1881 2727 1937 Dominus
2767 1880 2906 1936 Deus
2933 1892 3048 1936 tuus
3068 1924 3083 1949 ,
3115 1881 3254 1938 Deus
3280 1899 3408 1940 unus
3436 1893 3513 1938 est
3537 1884 3782 1954 (Denter.

2213 1970 2310 2040 γι).
2339 1969 2407 2028 Ει
2432 1987 2616 2028 rursus
2640 1990 2652 2023 :
2686 1971 2934 2026 Dominus
2955 1971 3093 2026 Deus
3115 1980 3229 2027 tuus
3250 1973 3330 2027 hic
3349 1982 3426 2027 est
3447 1974 3499 2026 in
3526 1974 3653 2028 ctelo
3674 1991 3785 2028 sur-

536 2077 648 2122 tum
690 2066 717 2105 b
760 2066 884 2121 ﬁdei
926 2071 1254 2135 praeparatos
1299 2073 1354 2119 et
1397 2065 1597 2119 bonum
1642 2062 1841 2119 Christi
1892 2064 2113 2120 odorem
2146 2071 2190 2131 Β
2215 2077 2329 2116 sum
2365 2069 2414 2116 et
2441 2062 2494 2115 in
2521 2070 2661 2116 terra
2681 2061 2938 2127 deorsum,
2965 2069 3135 2116 etnon
3160 2070 3235 2116 est
3255 2063 3389 2117 alius
3409 2071 3598 2134 prwter
3615 2064 3784 2133 ipsum

537 2166 793 2225 vocatos,
821 2172 891 2211 ex
922 2165 1036 2212 toto
1064 2157 1227 2211 corde
1253 2156 1733 2214 abrenuntiandum
1760 2167 1782 2196 °
1813 2172 1934 2212 esse
1961 2173 2112 2212 com-

538 2250 790 2306 monitos.
815 2248 967 2304 Nunc
987 2263 1120 2304 vero
1141 2247 1208 2303 de
1231 2249 1572 2303 interioribus
1593 2248 1862 2319 mysteriis
1882 2247 2114 2304 locuturi

535 2354 720 2394 sumus
738 2353 856 2406 qua:
878 2338 930 2391 in
951 2337 1068 2406 ipso
1088 2344 1274 2392 sancto
1290 2337 1435 2392 fonte
1457 2337 1727 2392 celebrata
1747 2344 1892 2392 sunt.
1909 2335 2114 2392 Emissa

536 2430 680 2484 enim
707 2428 1003 2483 certissima
1030 2428 1298 2492 cautione,
1329 2443 1434 2496 qua
1463 2443 1560 2483 vos
1587 2429 1968 2484 abrenuntiare
1995 2444 2114 2484 om-

537 2520 694 2573 nibus
721 2517 934 2588 pompis
977 2524 1034 2571 et
1062 2517 1311 2585 operibus
1339 2516 1481 2586 ejus,
1512 2525 1567 2571 et
1604 2517 1750 2572 omni
1777 2514 2116 2573 fornicationi

536 2601 812 2662 diabolica:
865 2605 1224 2675 spopondistis
1248 2647 1264 2672 ,
1321 2603 1347 2643 ά
1405 2605 1754 2664 descendistis
1808 2607 1863 2662 in
1913 2607 2113 2662 fontem

537 2713 780 2762 samum,
813 2695 1014 2752 fontem
1041 2697 1191 2759 vitae,
1223 2697 1425 2752 fontem
1469 2698 1880 2769 redemptionis,
1911 2698 2116 2755 fontem

541 2785 935 2844 sanctiﬁcatum
962 2786 1162 2841 virtute
1189 2786 1412 2851 caelesti,
1444 2795 1500 2843 et
1527 2788 1599 2842 ita
1624 2790 2028 2855 sanctiﬁcatum,
2056 2796 2116 2843 ut

543 2878 790 2934 homines
815 2893 912 2948 per
938 2877 1101 2932 multa
1133 2887 1355 2948 peccata
1375 2879 1626 2934 diluendo
1648 2878 1966 2936 sanctiﬁcet.
1997 2879 2114 2934 Non

539 2969 684 3024 enim
713 2967 920 3023 debetis
947 2968 1062 3025 illas
1087 2983 1252 3037 aquas
1280 2969 1449 3022 oculis
1471 2969 1756 3035 assumare,
1788 2969 1884 3024 sed
1912 2976 2112 3025 mente.

545 3058 680 3114 Nam
709 3059 810 3114 etsi
836 3059 1132 3114 substantia
1152 3058 1292 3112 illius
1312 3073 1464 3127 aqua:
1483 3057 1550 3113 dc
1569 3059 1837 3114 communi
1857 3075 2116 3128 aquarum

476 3134 482 3140 ’
545 3158 734 3205 natura
755 3149 846 3218 sit,
867 3158 893 3188 ο
916 3150 1136 3205 etleetus
1164 3159 1339 3205 tamen
1356 3150 1521 3220 ipsius
1543 3165 1608 3205 ex
1623 3150 1719 3206 Dei
1741 3151 1910 3220 gratia
1929 3159 1988 3207 et
2009 3151 2118 3206 vir-

544 3248 660 3294 tute
698 3240 968 3309 procedit,
996 3240 1087 3310 qui
1115 3241 1317 3295 creavit
1343 3255 1507 3310 aquas
1534 3249 1592 3296 ut
1632 3250 1839 3298 secreta
1866 3243 2118 3312 potentia:

544 3345 656 3386 sua:
681 3330 877 3385 virtute
902 3339 1122 3400 peccata
1145 3346 1264 3400 qua:
1289 3347 1397 3386 non
1423 3331 1672 3388 videntur
1698 3334 1957 3390 ablueret.
1997 3333 2117 3406 Spi-

2216 2149 2452 2220 (Deuter.
2475 2150 2568 2218 tv).
2594 2150 2725 2207 Tres
2740 2165 2866 2224 ergo
2887 2166 3144 2227 personas
3165 2159 3406 2208 tenemus
3419 2159 3476 2207 et
3493 2152 3780 2219 credimus,

2215 2239 2271 2296 id
2297 2247 2380 2296 est
2408 2240 2640 2303 Patrem,
2668 2249 2722 2296 et
2746 2240 2957 2307 Filium,
2983 2249 3037 2296 et
3055 2240 3312 2311 Spiritum
3334 2250 3600 2310 sanctum,
3630 2245 3786 2300 unius

2216 2331 2499 2400 potentia),
2529 2329 2684 2386 unius
2710 2330 3046 2396 substantiae,
3075 2331 3232 2386 unius
3257 2331 3598 2399 mter-uitatis,
3632 2333 3786 2388 unius

2217 2422 2527 2487 voluntatis,
2558 2422 2716 2478 unius
2743 2423 2904 2479 etiam
2931 2421 3164 2487 deitatis,
3189 2430 3244 2476 et
3274 2431 3442 2478 totam
3469 2422 3788 2480 Trinitatem

2217 2513 2372 2568 unius
2415 2511 2512 2568 Dei
2556 2512 2913 2583 appellatione
2958 2528 3295 2570 veneramur.
3344 2512 3579 2570 Credere
3609 2522 3786 2571 autem

2214 2603 2394 2673 plures
2439 2602 2576 2658 Deos
2621 2602 2831 2670 gentilis
2881 2601 3126 2671 impietas
3170 2611 3272 2658 est.
3320 2600 3387 2658 Et
3412 2603 3630 2658 iterum.
3675 2603 3789 2658 Non

2215 2693 2434 2750 credere
2459 2702 2566 2750 tres
2589 2708 2847 2764 personas
2869 2693 3024 2750 unius
3044 2693 3352 2750 substantiae
3373 2693 3428 2747 in
3453 2709 3560 2748 una
3583 2692 3787 2750 deitate

2216 2793 2376 2854 atque
2398 2785 2723 2854 aequalitate,
2739 2785 2824 2842 vel
2845 2784 3230 2850 comteruitate,
3255 2784 3503 2841 haeretica
3523 2785 3790 2858 dementia

2216 2882 2325 2938 est;
2348 2888 2468 2930 cum
2490 2871 2769 2930 manifesta
2797 2873 2912 2942 haec
2931 2873 3018 2940 sit,
3041 2888 3200 2942 quam
3226 2874 3471 2943 diximus,
3497 2878 3793 2932 auctoritas

2215 2962 2409 3021 Christi
2435 2982 2448 3018 :
2491 2965 2760 3035 Baptizate
2787 2981 2959 3022 omnes
2986 2975 3157 3037 gentes
3191 2967 3246 3020 in
3276 2967 3478 3022 nomine
3504 2965 3718 3034 Patris,
3746 2979 3794 3022 et

2217 3055 2366 3126 Filii,
2385 3064 2435 3112 et
2469 3055 2696 3127 Spiritus
2730 3059 2896 3112 sancti
2933 3057 3146 3126 (Matth.
3171 3058 3378 3123 xxvm).
3421 3058 3580 3126 Quod
3616 3070 3793 3118 autem

2217 3148 2687 3217 interrogavimus:
2708 3147 2734 3186 ι
2759 3147 2946 3204 Credis
2970 3149 3023 3204 in
3043 3157 3282 3206 sanctam
3307 3149 3631 3218 Ecclesiam,
3647 3158 3702 3205 et
3723 3165 3789 3206 re-

2216 3237 2521 3294 missionem
2542 3241 2916 3308 peccatorum?
2938 3241 2985 3310 7
2996 3243 3094 3311 15
3110 3256 3219 3296 non
3233 3255 3299 3294 eo
3315 3239 3476 3296 modo
3491 3240 3794 3308 interroga-

2216 3330 2407 3396 vimus,
2425 3337 2483 3384 ut
2502 3345 2608 3400 quo
2623 3330 2782 3386 modo
2811 3331 2862 3388 in
2886 3329 3052 3390 Deum
3079 3331 3331 3395 creditur,
3365 3329 3383 3372 1
3411 3332 3489 3388 sic
3519 3331 3574 3386 in
3605 3329 3795 3388 Eccle-

543 3421 677 3476 ritus
703 3421 846 3476 enim
871 3429 1088 3476 sanctus
1117 3421 1170 3476 in
1200 3421 1289 3475 illa
1317 3436 1452 3491 aqua
1479 3431 1753 3492 operatur,
1785 3432 1843 3478 ut
1875 3425 1964 3492 qui
1992 3433 2118 3479 ante
2141 3413 2188 3474 C
2219 3423 2352 3476 siam
2377 3430 2613 3477 sanctam
2634 3421 2974 3479 catholicam.
2996 3420 3286 3492 Propterea
3307 3430 3492 3477 sancta
3522 3431 3578 3478 et
3604 3423 3791 3478 catho-

543 3509 867 3580 baptismum
909 3509 1241 3566 diversorum
1269 3508 1550 3566 criminum
1593 3513 1671 3566 rei
1701 3513 2036 3579 tenebantur,
2064 3522 2120 3569 et

542 3615 666 3655 cum
694 3598 907 3654 diabolo
938 3599 990 3654 in
1033 3601 1277 3669 gehenna
1315 3600 1500 3655 teterni
1548 3599 1685 3669 ignis
1731 3601 1901 3657 arsuri
1944 3610 2116 3667 erant,

545 3696 670 3758 post
695 3688 1018 3758 baptismum
1050 3689 1103 3742 in
1132 3689 1388 3745 emlorum
1419 3705 1640 3760 regnum
1665 3690 1864 3746 intrare
1899 3690 1916 3730 τ
1947 3707 2121 3746 mere-

543 3787 748 3833 rentur.
781 3777 931 3834 Unde
959 3778 1214 3833 Dominus
1259 3779 1311 3832 in
1341 3777 1632 3846 Evangelia
1660 3781 1955 3848 potentiam
1985 3782 2119 3836 tanti

542 3868 848 3936 exprimens
874 3867 1192 3922 sacramenti
1216 3867 1291 3919 ait
1315 3884 1327 3918 :
1357 3865 1477 3920 Nisi
1504 3869 1613 3936 quis
1643 3878 1850 3923 renatus
1872 3871 2024 3938 fuerit
2055 3887 2120 3924 ea:

543 3972 680 4026 aqua
712 3955 874 4026 714
916 3963 964 4008 et
1010 3954 1208 4024 Spiritu
1254 3965 1467 4020 sancto,
1498 3972 1600 4010 non
1647 3966 1810 4026 potest
1837 3960 2032 4013 intrare
2064 3961 2119 4014 in

547 4061 755 4114 regnum
793 4043 892 4099 Dei
922 4043 1102 4114 (Joan.
1143 4045 1243 4114 ιιι).
1285 4045 1344 4099 In
1373 4046 1478 4100 hoc
1504 4059 1633 4115 ergo
1661 4045 1808 4102 fonte
1835 4055 2120 4118 antequam

545 4148 642 4189 vos
670 4141 784 4190 toto
806 4143 1034 4205 corpore
1062 4135 1408 4204 tiugeremus,
1432 4137 1874 4206 interrogavimus
1899 4157 1911 4192 :
1934 4137 2121 4195 Credis

545 4223 601 4278 in
619 4222 784 4278 Deum
803 4221 1016 4278 Patrem
1030 4223 1488 4294 omnipotentem?
1509 4225 1878 4295 Respondistis
1895 4244 1907 4279 :
1924 4226 2118 4283 Credo.

547 4313 752 4370 Rursus
779 4315 1222 4382 interrogavimus
1244 4333 1257 4368 :
1281 4315 1468 4372 Credis
1495 4324 1550 4371 et
1575 4317 1628 4372 in
1647 4316 1830 4372 Jesum
1850 4317 2120 4373 Christum

545 4403 736 4459 Filium
775 4405 911 4474 ejus,
945 4414 971 4452 Β
1001 4405 1092 4472 qui
1121 4413 1410 4474 conceptus
1453 4414 1536 4462 est
1561 4406 1628 4462 de
1669 4406 1874 4478 Spiritu
1912 4416 2118 4476 sancto,

543 4503 602 4552 et
626 4504 782 4551 natus
807 4502 888 4549 est
917 4509 983 4549 ex
1012 4493 1177 4548 Maria
1204 4495 1458 4562 Virgine?
1486 4495 1857 4566 Respondistis
1882 4499 2074 4567 singuli
2100 4517 2114 4554 :

543 4585 740 4642 Credo.
770 4586 797 4623 ιι
819 4585 1019 4640 lterum
1039 4585 1482 4652 interrogavimus
1506 4603 1519 4638 :
1550 4587 1738 4642 Credis
1765 4597 1821 4643 et
1860 4589 1914 4644 in
1947 4589 2120 4661 Spiri-

548 4684 665 4731 tum
707 4675 988 4731 sauctum?
1033 4675 1385 4744 respondistis
1431 4675 1717 4731 similiter:
1749 4677 1944 4733 Credo.
1996 4677 2120 4735 Haec

2216 3512 2318 3568 lica
2339 3521 2442 3582 est,
2461 3513 2584 3582 quia
2605 3520 2750 3568 recte
2771 3512 2942 3569 credit
2962 3513 3014 3570 in
3031 3512 3219 3570 Deum.
3242 3511 3359 3568 Non
3382 3527 3518 3581 ergo
3541 3513 3792 3578 diximus,

2218 3603 2342 3656 utin
2359 3601 2649 3658 Ecclesiam
2663 3602 2814 3671 quasi
2830 3602 2882 3656 in
2899 3601 3063 3659 Deum
3078 3601 3386 3668 crederetis,
3403 3602 3500 3658 sed
3517 3602 3797 3672 intelligite

2219 3707 2318 3746 nos
2345 3692 2521 3747 dicere
2548 3699 2598 3746 et
2633 3690 2844 3760 dixisse,
2879 3699 2935 3746 ut
2962 3691 3014 3747 in
3045 3689 3281 3747 Ecclesia
3309 3699 3493 3750 sancta
3525 3698 3580 3746 et
3607 3694 3795 3749 catho-

2219 3779 2323 3836 lica
2377 3787 2758 3836 conversantes
2801 3780 2854 3834 in
2904 3779 3073 3835 Deum
3125 3779 3435 3836 crederetis.
3492 3779 3797 3836 Credet-etis

2217 3871 2381 3926 etiam
2415 3871 2860 3927 resurrectionem
2899 3871 3099 3938 carnis,
3144 3885 3265 3939 quae
3308 3869 3486 3927 futura
3516 3881 3622 3935 est.
3648 3871 3796 3927 Sicut

2220 3973 2348 4028 ergo
2393 3960 2446 4015 in
2488 3959 2761 4016 Trinitatis
2803 3961 3115 4030 mysterium
3159 3960 3480 4024 credidistis,
3532 3969 3592 4016 et
3637 3977 3794 4016 unum

2221 4049 2386 4106 Deum
2415 4052 2467 4106 in
2496 4050 2689 4117 Patris.
2719 4059 2776 4107 et
2801 4050 2940 4115 Filii,
2990 4065 3052 4106 ac
3095 4050 3329 4120 Spiritus
3356 4052 3531 4104 sancti
3580 4051 3795 4107 nomine

2219 4142 2544 4212 suscepistis,
2587 4142 2727 4198 sicut
2771 4142 2928 4198 vobis
2973 4141 3270 4197 credidistis
3313 4141 3633 4197 dimittenda
3677 4156 3794 4197 esse

2218 4240 2470 4302 peccata,
2502 4239 2558 4286 et
2599 4247 2741 4287 nunc
2763 4230 2873 4299 jam
2922 4247 3021 4302 per
3065 4231 3388 4302 baptismum
3415 4230 3639 4287 creditis
3677 4243 3792 4286 eme

2219 4323 2462 4387 dimissa;
2511 4322 2585 4377 ita
2631 4322 2794 4378 etiam
2839 4321 3285 4377 resurrectionem
3329 4320 3512 4376 carnis
3556 4319 3794 4375 futuram

2220 4421 2260 4450 ω
2289 4427 2409 4468 esse
2434 4411 2656 4476 credite,
2687 4411 2829 4481 quod
2858 4418 3007 4467 certe
3032 4426 3128 4466 vos
3161 4409 3382 4466 credere
3409 4408 3791 4480 spopondistis.

2220 4501 2279 4556 in
2308 4502 2411 4557 hoc
2439 4502 2582 4556 enim
2624 4501 3046 4558 Christianorum
3090 4516 3215 4570 spes
3260 4507 3374 4556 tota
3425 4501 3691 4564 consistit,
3737 4507 3796 4552 ut

2219 4589 2310 4660 buj
2318 4607 2378 4645 us
2398 4606 2503 4646 non
2522 4590 2741 4648 alterius
2761 4589 3003 4659 corporis
3022 4590 3468 4646 resurrectionem
3495 4589 3551 4646 in
3567 4588 3800 4644 veritate

2218 4685 2450 4740 futuram
2476 4699 2596 4740 esse
2621 4683 2918 4738 credamus.
2943 4681 3013 4738 Et
3033 4681 3482 4752 quemadmodum
3509 4697 3654 4738 nunc
3677 4689 3799 4736 sta-

547 4773 729 4824 sutem
747 4764 970 4822 fecimus
983 4765 1137 4835 juxta
1157 4764 1366 4822 Domini
1385 4767 1554 4823 nostri
1573 4767 1699 4824 Jesu
1719 4767 1916 4826 Christi
1935 4770 2121 4827 Salva-
2147 4763 2199 4824 D
2221 4793 2340 4833 mus
2367 4777 2422 4833 in
2449 4776 2686 4833 Ecclesia
2713 4783 2838 4832 ante
2863 4775 3034 4832 altare
3058 4773 3178 4840 Dei,
3199 4771 3273 4828 ita
3301 4787 3401 4829 nos
3424 4772 3483 4828 in
3503 4771 3594 4829 die
3607 4771 3797 4842 judicii

620 4907 645 4936 ι
671 4895 805 4953 Cod.
834 4903 1062 4970 monast.
1087 4895 1156 4970 de
1184 4895 1556 4970 Appannis‘ita
1585 4897 1808 4968 incipit:
1840 4900 2120 4970 Superiora

549 4974 788 5040 tractatu,
817 4968 862 5020 si
888 4967 1018 5040 bene
1055 4967 1240 5020 retinet
1273 4968 1523 5022 sanctitas
1559 4967 1747 5033 uestra,
1788 4967 2117 5040 promisimus

548 5051 643 5090 nos
667 5036 738 5105 tle
758 5037 1014 5105 omnibus,
1035 5044 1140 5092 etc.

622 5118 648 5142 -ν
672 5103 838 5173 Eleae
863 5103 1003 5173 ﬁdei:

621 5181 645 5211 ε
675 5170 893 5225 Diabolo
919 5187 1029 5228 esse
1054 5174 1408 5228 commonitos.

615 5238 644 5278 ἀ
673 5240 1046 5324 ρεεειςηάςηιεε
1073 5245 1128 5296 in
1158 5245 1589 5324 fontem,.[o‘ntem
1617 5257 1841 5324 sperum.

616 5321 644 5349 ο
670 5309 900 5384 Eﬂ'ectus
921 5318 1089 5384 tamen
1118 5309 1230 5384 ejus
1259 5309 1491 5381 sperialis
1528 5327 1603 5384 est
1623 5310 1719 5366 Dei
1744 5313 1909 5384 gratia
1937 5323 1984 5367 et
2011 5315 2115 5368 uir-

546 5389 652 5435 tute
667 5379 922 5452 procedit,
940 5381 1049 5452 qui“
1065 5379 1250 5452 “eam
1278 5379 1457 5452 aquas,
1496 5379 1674 5452 quibus
1694 5379 1983 5452 corporales
2001 5399 2115 5436 sor-

543 5451 636 5505 des
667 5447 729 5503 ac
761 5447 979 5502 visibiles
999 5448 1277 5524 diluuntur.
1297 5447 1334 5504 Ῐ
1329 5466 1416 5521 pse
1434 5447 1554 5524 ergo
1569 5447 1910 5521 sanctiﬁcarit
1930 5469 2111 5524 aquas,

543 5536 637 5593 per
661 5533 786 5590 quas
815 5528 1008 5593 secreta
1035 5521 1275 5588 potentiae
1299 5520 1408 5575 sua:
1425 5520 1605 5574 virtute
1627 5520 1855 5592 peccata,
1877 5520 1992 5593 quté
2010 5539 2113 5577 non

546 5587 778 5645 uidentur
806 5587 1051 5642 ablueret.

620 5700 636 5730 ³
667 5696 874 5753 Titulus
901 5696 954 5751 in
982 5693 1110 5751 edit.
1134 5712 1148 5748 :
1180 5694 1258 5749 De
1281 5697 1524 5760 mysterio
1550 5697 1897 5767 baptismatis.

2293 4905 2313 4946 ί
2345 4907 2661 4963 vereantur.

2289 4987 2313 5046 tt
2347 4977 2446 5046 Qui
2470 4988 2620 5032 natus
2645 4977 2806 5034 estde
2833 4975 3035 5046 Spiritu
3059 4985 3247 5046 sancto
3259 4985 3309 5030 et
3336 4973 3516 5029 Har-ia
3538 4975 3759 5046 virgine.

2291 5045 2315 5128 ξι
2348 5045 2541 5128 {terunt
2567 5045 2993 5128 interrogaoimus
3012 5064 3033 5100 :
3059 5054 3110 5102 et
3136 5047 3191 5101 in
3207 5045 3469 5116 Spiritum
3496 5045 3761 5100 sanc'min.

2292 5115 2307 5186 ξ
2345 5115 2623 5186 Discipulis
2642 5115 2770 5172 suis.

2291 5185 2306 5258 ξ
2345 5183 2445 5258 Qui
2465 5183 2562 5258 pro
2589 5188 2728 5258 quia.

2291 5251 2314 5290 ι
2345 5250 2523 5331 Credis
2561 5250 2796 5331 sanctam
2841 5253 3128 5331 Ecclesium
3166 5252 3368 5331 absque
3407 5250 3804 5331 praepositione

2217 5322 2301 5386 in,
2341 5322 2536 5404 deinde
2582 5325 2729 5380 addit
2755 5325 3107 5381 remissionem
3151 5329 3476 5395 peccatorum
3523 5329 3576 5377 et
3611 5323 3804 5378 mntis

2217 5403 2654 5448 resurrectionem.

2294 5457 2312 5499 ι
2345 5459 2436 5515 Sic
2461 5471 2512 5515 et
2535 5463 2592 5515 in
2616 5461 2924 5521 Ecclesium.

2288 5539 2327 5567 ω
2356 5529 2518 5587 Deest
2540 5547 2669 5588 esse.
