4054 6194
198 222 294 276 177

1268 212 1673 273 TRACTATUS
1707 210 1793 270 Ill.
1836 214 1923 270 DE
1962 210 2311 273 BAPTISMO.

3332 206 3445 274 778

196 343 222 370 α
249 335 490 387 staturos
516 329 797 383 credamus
823 335 949 382 ante
979 325 1206 381 tribunal
1238 326 1348 390 Dei,
1374 327 1585 379 dicente
1614 328 1771 381 beato
1800 331 1845 385 Λ
1874 342 2087 396 semper
2114 327 2325 389 ardeat,
2373 334 2428 379 et
2473 330 2743 394 minimam
2787 323 3023 379 ardendo
3050 322 3281 379 deﬁciat.
3327 324 3446 380 lloc

196 419 445 490 apostolo
473 417 675 471 Paulo:
706 418 895 470 Omnes
929 432 1023 469 nos
1059 416 1381 483 manifestari
1421 424 1617 484 Oportet
1653 422 1776 467 ante

197 507 425 563 tribunal
444 505 652 570 Christi,
674 514 729 557 ut
749 506 939 575 referat
958 503 1296 571 unusquisque
1315 504 1524 571 propria
1543 502 1774 571 corporis

197 600 299 663 sui,
329 604 479 667 prout
514 596 691 667 gessit,
728 595 830 648 sive
857 592 1042 647 bonum
1072 593 1174 645 sive
1200 592 1392 644 malum
1428 589 1516 657 (11
1542 588 1660 643 Cor.
1694 590 1771 658 v).

201 688 267 742 Et
297 688 351 742 id
378 685 621 754 estquod
652 684 888 739 inﬁdeles
916 684 1106 738 animae
1124 696 1233 737 non
1260 682 1487 737 credunt
1513 682 1772 735 futurum.

202 776 269 832 Et
288 784 414 831 sunt
433 776 597 845 aliqui
617 775 709 843 qui
730 773 881 828 labiis
900 773 1119 828 credere
1141 772 1478 843 promittunt,
1501 771 1593 825 sed
1613 770 1778 825 corde

200 869 521 938 desperant;
552 866 643 935 qui
683 864 937 933 grandem
977 862 1332 932 omnipotenti
1375 860 1487 916 Deo
1530 859 1777 929 injuriam

201 960 426 1023 faciunt,
457 972 488 1010 a
516 971 623 1024 quo
650 954 896 1009 homines
923 962 1047 1024 post
1076 961 1306 1009 mortem
1345 951 1589 1007 suscitari
1617 960 1673 1005 et
1698 952 1778 1007 vi-

201 1048 410 1104 viﬁcari
437 1061 597 1116 posse
627 1060 734 1099 non
774 1044 1017 1099 credunt.
1048 1043 1157 1098 Nos
1202 1053 1403 1106 autem,
1450 1042 1543 1112 qui
1585 1041 1781 1096 divinis

203 1139 428 1193 vocibus
470 1137 780 1190 adhibemus
823 1134 999 1197 ﬁdem,
1052 1134 1118 1188 de
1160 1133 1550 1188 resurrectione
1593 1139 1779 1185 nostra

202 1230 451 1285 dubitare
480 1244 587 1283 non
615 1242 914 1297 possumus.
945 1225 1223 1280 Credimus
1268 1224 1409 1279 enim
1439 1222 1579 1292 quod
1615 1222 1775 1285 Deus,

203 1318 299 1387 qui
331 1317 456 1372 fecit
481 1316 745 1379 homines,
775 1329 897 1369 cum
920 1322 1045 1367 ante
1074 1330 1180 1367 non
1208 1312 1450 1378 fuissent,
1483 1312 1635 1366 facile
1656 1327 1782 1381 pos-

202 1415 275 1467 sit
303 1409 529 1466 reﬁcere
556 1410 646 1478 qui
676 1408 908 1462 fuerunt.
957 1407 1057 1472 Qui
1105 1407 1316 1471 coelum,
1366 1414 1421 1459 et
1463 1412 1679 1469 terram,
1725 1412 1782 1458 et

203 1503 414 1567 maria,
460 1508 516 1554 et
542 1514 659 1568 qua:
688 1499 739 1552 in
770 1498 849 1552 cis
895 1505 1037 1562 sunt,
1082 1506 1242 1566 atque
1288 1497 1468 1551 omnia
1516 1496 1780 1551 elementa

202 1595 336 1650 fecit
362 1608 426 1647 ex
458 1592 646 1654 nihilo,
678 1589 1083 1658 quomodo‘non
1110 1597 1290 1658 potest
1317 1602 1565 1658 reparare
1601 1587 1778 1641 homi-

1877 419 2019 473 cnim
2049 428 2104 472 et
2134 418 2341 471 Domini
2381 418 2548 471 nostri
2588 416 2715 470 Jesu
2738 415 2936 471 Christi
2982 430 3155 470 sermo
3197 422 3443 483 testatur,

1875 509 1967 576 qui
1998 508 2050 561 in
2078 506 2365 573 Evangelio
2387 506 2453 559 dc
2482 506 2848 574 peccatoribus
2877 503 3237 573 pronuntiavit
3264 522 3274 554 :
3304 503 3448 557 Tunc

1874 597 2019 649 ibunt
2039 598 2181 666 impii
2202 598 2253 648 in
2275 596 2576 666 supplicium
2600 604 2864 659 wternum,
2877 594 3007 664 justi
3028 604 3196 648 autem
3218 596 3270 648 in
3292 597 3448 649 vitam

1878 695 2124 741 cateruam
2144 685 2369 759 (Matth.
2396 686 2554 754 xxv).
2605 684 2621 723 ί
2673 685 2797 739 llaec
2823 691 2999 739 autem
3027 699 3145 753 qua:
3173 685 3450 753 hucusque

1877 777 2126 843 diximus,
2158 787 2441 848 postquam
2485 792 2577 832 vos
2605 777 2825 832 credere
2856 778 3204 847 promisistis,
3236 787 3261 824 ε
3289 778 3449 833 tertio

1878 883 2106 938 corpora
2135 877 2313 923 vestra
2342 869 2395 922 in
2424 883 2577 923 sacro
2606 868 2753 923 fonte
2787 867 3155 923 demersimus.
3188 868 3289 935 Qui
3316 869 3450 923 ordo

1878 960 2212 1029 baptismatis
2231 958 2429 1029 duplici
2449 960 2687 1030 mysterii
2715 956 3101 1026 signiﬁcatione
3128 959 3448 1014 celebratur.

1881 1048 2047 1104 Recte
2075 1049 2214 1103 enim
2244 1049 2402 1103 tertio
2430 1049 2592 1102 mersi
2622 1048 2769 1112 estis,
2819 1048 2910 1117 qui
2938 1049 3219 1119 accepistis
3247 1049 3450 1119 baptis-
3499 1048 3501 1067 δ

1879 1153 2026 1192 mum
2054 1135 2083 1174 ιι
2115 1138 2167 1191 in
2194 1138 2411 1192 nomine
2436 1136 2563 1191 Jesu
2591 1136 2807 1201 Christi,
2837 1138 2928 1205 qui
2954 1138 3112 1191 tertia
3139 1138 3228 1192 die
3266 1154 3451 1194 resur-

1878 1226 2021 1279 rexit
2062 1241 2095 1279 a
2137 1226 2380 1280 mortuis.
2420 1225 2514 1279 Illa
2545 1225 2687 1279 enim
2733 1226 2892 1280 tertio
2931 1227 3158 1296 repetita
3185 1227 3450 1287 demersio

1879 1324 2065 1386 typum
2088 1315 2372 1371 dominica:
2398 1315 2647 1385 exprimit
2671 1315 2973 1384 sepulturae,
2996 1330 3092 1385 per
3112 1330 3271 1384 quam
3300 1316 3455 1372 Chri-

1880 1414 1965 1461 sto
1986 1406 2286 1475 consepulti
2306 1405 2433 1460 estis
2452 1406 2508 1460 in
2529 1406 2815 1475 baptismo,
2833 1414 3028 1462 etcum
3050 1406 3262 1463 Christo
3283 1424 3455 1464 resur-

1880 1496 2094 1549 rexistis
2124 1496 2178 1549 in
2204 1494 2327 1560 ﬁde,
2354 1503 2412 1549 ut
2433 1497 2667 1564 peccatis
2695 1496 2863 1550 abluti
2892 1497 2946 1550 in
2973 1498 3258 1553 sanctitate
3285 1500 3456 1554 virtu-

1882 1592 1996 1638 tum
2011 1583 2278 1639 Christum
2295 1585 2485 1639 vivatis
2500 1584 2775 1639 imitando.
2796 1584 2948 1641 Unde
2968 1587 3156 1641 beatus
3171 1586 3457 1657 Apostolus

203 1698 303 1736 nes
322 1719 335 1746 ,
367 1696 502 1751 quos
531 1680 650 1734 ideo
680 1678 805 1732 fecit
848 1687 907 1731 ut
930 1678 982 1731 in
1013 1678 1113 1732 hac
1150 1678 1257 1731 vita
1297 1686 1516 1744 agerent
1554 1675 1696 1730 unde
1725 1676 1776 1729 in
1808 1681 1856 1740 B
1882 1676 1993 1729 ait:
2027 1675 2107 1728 An
2140 1676 2391 1745 ignoratis
2428 1676 2668 1745 quoniam
2696 1676 2977 1747 quicunque
3013 1675 3256 1746 baptizati
3285 1696 3457 1735 sumus

201 1772 311 1825 alia
338 1771 721 1840 judicarentur,
756 1777 811 1823 ct
838 1768 922 1823 vel
952 1784 1048 1837 pro
1077 1768 1218 1822 bona
1245 1768 1516 1823 voluntate
1540 1766 1777 1835 prmmia,

199 1864 291 1917 vel
334 1878 432 1932 pro
468 1861 605 1916 mala
650 1859 908 1929 supplicia
953 1859 1322 1913 mererentur?
1350 1856 1476 1911 Hrcc
1511 1863 1594 1911 est
1638 1856 1779 1910 enim

198 1954 628 2009 Christianorum
657 1952 1040 2006 catholicorum
1086 1949 1237 2015 ﬁdes,
1270 1957 1329 2004 ut
1371 1948 1651 2004 credamus
1681 1962 1779 2001 nos

198 2060 332 2101 cum
359 2043 462 2097 hac
488 2043 541 2096 in
563 2057 668 2111 qua
691 2056 831 2095 nunc
858 2056 1038 2094 sumus
1058 2038 1231 2094 anima
1256 2052 1552 2106 resurgere,
1577 2037 1778 2091 haben-

200 2144 287 2189 tes
311 2134 340 2173 δ
358 2134 609 2188 idoneum
630 2131 817 2185 futurzc
837 2138 1033 2185 nostra:
1053 2129 1457 2184 resurrectionis
1476 2126 1779 2196 exemplum

198 2227 492 2282 Dominum
519 2233 783 2290 nostrum,
806 2222 1039 2277 Verbum
1071 2220 1262 2285 Patris,
1285 2221 1517 2289 quicum
1539 2219 1610 2272 sit
1638 2218 1780 2272 Deus

195 2326 253 2373 ct
285 2317 385 2371 Dei
404 2316 587 2379 Filius,
616 2326 637 2353 ο
662 2330 757 2369 seu
776 2314 1031 2378 Verbum,
1054 2321 1109 2367 et
1126 2311 1414 2367 secundum
1434 2309 1780 2368 substantiam

195 2406 505 2462 divinitatis
532 2404 676 2458 Patri
717 2412 1017 2459 coaeternus
1045 2410 1101 2457 et
1127 2401 1594 2458 consubstantialis
1612 2442 1628 2467 ,
1658 2398 1780 2454 ideo

194 2508 411 2553 natura:
457 2505 655 2552 nostra:
696 2496 929 2564 suscepit
977 2495 1271 2561 hominem,
1313 2492 1463 2562 juxta
1509 2507 1666 2561 quem
1714 2491 1783 2547 de

194 2589 414 2656 virgine
444 2586 607 2650 nasci,
641 2594 695 2640 et
722 2594 908 2655 postea
948 2584 1087 2653 pati,
1118 2594 1172 2637 ct
1212 2574 1355 2637 mori
1391 2582 1580 2647 voluit,
1612 2590 1668 2636 et
1694 2581 1782 2636 die

196 2680 365 2735 tertia
388 2680 552 2749 716
574 2676 890 2743 resurrexit,
909 2674 937 2713 ἀ
959 2684 1015 2730 et
1032 2674 1271 2730 ascendit
1290 2675 1342 2728 in
1367 2674 1579 2740 cmlum,
1606 2682 1664 2728 ut
1682 2689 1782 2730 nos

196 2770 265 2823 ad
290 2784 446 2838 spem
476 2766 883 2823 resurrectionis
910 2766 1247 2832 accenderet,
1277 2772 1336 2819 ut
1362 2764 1439 2819 sic
1466 2780 1565 2818 nos
1590 2764 1781 2820 creda-

197 2874 326 2914 mus
344 2874 417 2914 ex
434 2858 661 2913 mortuis
680 2856 1033 2922 suscitandos,
1048 2854 1497 2926 quemadmodum
1513 2853 1780 2909 Christum

196 2959 224 2987 σ
252 2965 328 3003 ex
365 2948 592 3003 mortuis
619 2947 975 3002 resurrexisse
1020 2944 1355 3001 conﬁtemur.
1399 2943 1551 2999 Unde
1594 2945 1784 3000 beatus

1880 1767 1937 1820 in
1964 1765 2166 1820 Christo
2194 1767 2344 1830 Jesu,
2372 1768 2428 1819 in
2454 1776 2615 1820 morte
2636 1769 2795 1836 ipsius
2825 1769 3071 1839 baptizati
3102 1788 3295 1826 sumus.
3323 1773 3458 1827 Con-

1882 1856 2066 1925 sepulti
2093 1856 2228 1908 enim
2246 1871 2421 1908 sumus
2452 1872 2566 1909 cum
2593 1856 2683 1909 illo
2710 1874 2801 1925 per
2821 1857 3127 1927 baptismum
3149 1862 3201 1913 in
3223 1870 3457 1926 mortem,

1881 1956 1938 1999 ut
1961 1947 2214 2017 quomodo
2252 1949 2474 2001 surrexit
2503 1947 2735 2003 Christus
2769 1966 2834 2003 ea:
2866 1954 3084 2006 mortuis
3122 1970 3214 2023 per
3241 1956 3461 2024 gloriam

1882 2036 2079 2103 Patris,
2103 2038 2179 2089 ita
2215 2046 2265 2089 et
2283 2054 2376 2092 nos
2396 2039 2451 2090 in
2478 2039 2703 2092 novitate
2729 2041 2846 2093 vita:
2869 2040 3204 2095 ambulemus.
3237 2044 3298 2097 Si
3323 2046 3461 2097 enim

1884 2128 2221 2198 complantati
2248 2130 2375 2199 facti
2394 2145 2567 2182 sumus
2597 2131 2923 2184 similitudini
2955 2135 3106 2186 morti
3134 2134 3275 2202 ejus,
3305 2137 3457 2188 simul

1883 2226 1931 2270 et
1966 2219 2352 2272 resurrectionis
2379 2220 2588 2285 erimus,
2617 2219 2711 2271 hoc
2734 2220 2948 2274 scientes
2969 2222 3103 2291 quod
3130 2234 3267 2277 vetus
3306 2225 3458 2278 homo

1883 2315 2058 2361 noster
2076 2308 2231 2361 simul
2249 2309 2525 2378 cruciﬁxus
2545 2319 2638 2376 est,
2657 2319 2712 2363 ut
2731 2308 3024 2364 destruatur
3037 2328 3221 2381 corpus
3240 2317 3456 2384 peccati,

1882 2409 1939 2452 ut
1956 2399 2093 2452 ultra
2114 2417 2215 2455 non
2238 2402 2514 2455 serviamus
2534 2410 2743 2471 peccato
2766 2401 2941 2473 (Rom.
2964 2402 3059 2473 v1).
3082 2401 3454 2469 Considerate,

1890 2489 1908 2528 ί
1943 2490 2137 2546 fratres
2156 2526 2172 2557 ,
2201 2506 2305 2559 qua
2333 2491 2641 2545 conditione
2680 2491 2969 2561 Apostolus
2998 2508 3096 2547 nos
3121 2508 3239 2548 esse
3265 2495 3459 2552 dixerit

1883 2582 2201 2650 baptizatos,
2230 2589 2287 2633 ut
2312 2582 2479 2647 ultra,
2527 2581 2727 2649 inquit,
2756 2598 2881 2653 non
2925 2583 3202 2637 serviamus
3228 2594 3456 2653 peccato.

1883 2672 2012 2739 Quae
2039 2674 2182 2729 enim
2205 2681 2354 2727 tanta
2374 2681 2474 2739 est,
2498 2688 2605 2728 non
2634 2673 2774 2740 dico,
2798 2674 3138 2743 negligentia,
3161 2674 3256 2729 sed
3274 2690 3459 2731 amen-

1885 2767 1978 2831 tia,
2009 2782 2130 2821 cum
2152 2778 2247 2836 per
2273 2765 2597 2834 baptismum
2637 2765 2908 2834 acceperis
2933 2766 3303 2821 remissionem
3327 2782 3457 2835 pec-

1884 2866 2149 2922 catorum,
2177 2856 2400 2924 obligari
2425 2856 2561 2910 velle
2588 2856 2821 2925 peccatis
2849 2873 2862 2907 :
2894 2857 3052 2926 717
3084 2865 3143 2909 ut
3164 2857 3256 2925 qui
3285 2856 3457 2911 factus

1886 2945 2065 3001 fueras
2095 2962 2162 3001 ex
2190 2952 2476 3015 peccatore
2518 2953 2754 3010 sanctus,
2782 2960 2968 2999 rursus
3006 2960 3075 2999 ex
3119 2955 3305 3001 sancto
3329 2946 3462 3003 velis

197 3040 498 3111 Apostolus
520 3039 809 3094 inﬁdelium
823 3038 1027 3092 animos
1044 3038 1285 3105 increpat
1297 3035 1481 3089 dicens
1502 3053 1513 3087 :
1534 3034 1594 3088 Si
1608 3044 1775 3088 autent
1806 3040 1854 3102 C
1885 3052 2003 3091 esse
2024 3044 2295 3105 peccator,
2320 3044 2375 3089 et
2395 3042 2517 3105 post
2536 3049 2749 3089 sacrum
2777 3025 2926 3088 illum
2950 3034 3173 3100 fontem,
3196 3049 3303 3104 quo
3323 3052 3460 3090 non-

196 3131 442 3184 Christus
479 3130 789 3199 prwdicatur
828 3129 962 3199 quod
998 3127 1274 3180 resurrexit
1307 3142 1339 3177 a
1374 3126 1617 3188 mortuis,
1654 3141 1781 3195 quo-

196 3222 356 3275 modo
378 3221 588 3291 quidam
616 3220 792 3272 dicunt
816 3220 870 3271 in
891 3217 1027 3271 vobis
1047 3218 1286 3286 quoniam
1313 3217 1614 3269 resurrectio
1645 3231 1784 3269 mor-

196 3320 412 3364 tuorum
432 3326 534 3362 non
558 3316 631 3362 est
660 3306 716 3376 (I
736 3305 854 3361 Cor.
882 3306 1006 3375 xv)?
1028 3305 1142 3360 Hoc
1169 3318 1298 3371 ergo
1323 3312 1502 3358 tenete
1528 3311 1782 3358 constan-

194 3408 283 3454 ter
313 3406 369 3453 et
395 3397 597 3453 credite
615 3438 629 3463 ,
658 3396 802 3466 quod
842 3395 1031 3450 divinis
1057 3395 1277 3449 vocibus
1305 3392 1621 3461 afﬁrmatur,
1659 3394 1783 3462 quia

192 3488 531 3544 resurrectio
558 3489 628 3541 sit
664 3487 876 3553 futura,
925 3487 979 3539 in
1007 3501 1112 3555 qua
1161 3484 1357 3539 sanctis
1403 3484 1647 3539 omnibus
1692 3484 1783 3552 qui

193 3578 478 3633 Christum
525 3578 750 3646 diligunt
801 3585 857 3630 et
900 3576 1016 3643 ejus
1061 3574 1261 3629 faciunt
1309 3574 1635 3628 voluntatem
1678 3572 1781 3627 im-

194 3670 513 3726 mortalitas
538 3669 771 3738 gloriosa
801 3668 1049 3722 donanda
1073 3674 1176 3730 est,
1206 3676 1265 3721 ut
1292 3668 1344 3720 in
1366 3673 1654 3735 conspectu
1688 3667 1785 3722 Dei

192 3776 322 3816 cum
372 3760 581 3827 angelis
607 3766 661 3813 et
690 3759 995 3814 cmlestibus
1042 3757 1325 3812 virtutibus
1371 3757 1425 3811 in
1472 3765 1787 3826 perpetuum

192 3852 528 3921 glorientur.
560 3849 804 3903 [nﬁdeles
845 3862 975 3902 vero
1018 3857 1072 3902 et
1121 3856 1450 3917 peccatores,
1496 3856 1552 3904 et
1577 3848 1667 3916 qui
1692 3847 1788 3903 Dei

193 3948 477 4009 prmcepta
502 3955 609 3994 non
632 3938 850 4003 faciunt,
873 3938 939 3992 ad
963 3938 1065 3993 hoc
1085 3951 1363 4006 resurgere
1390 3946 1448 3993 ut
1476 3940 1789 3995 immortalis

192 4048 396 4089 eorum
442 4030 586 4089 facta
632 4048 759 4089 caro
797 4032 1014 4087 aeternis
1060 4031 1321 4088 incendiis
1358 4031 1676 4101 deputetur;
1730 4043 1790 4087 ut

1882 3127 1983 3182 nisi
2029 3126 2194 3180 semel
2239 3126 2384 3179 ablui
2431 3126 2573 3190 licet,
2624 3125 2819 3179 iterum
2865 3123 2934 3178 ad
2978 3125 3230 3179 vitiorum
3274 3127 3461 3184 sordes

1881 3217 2101 3273 reverti.
2132 3215 2408 3270 Attendite
2451 3230 2580 3284 ergo
2598 3254 2613 3280 ,
2656 3214 3019 3278 dilectissimi,
3048 3222 3108 3269 ut
3133 3215 3279 3284 quod
3305 3232 3462 3274 accc-

1884 3308 2055 3379 pistis,
2078 3305 2331 3376 quodque
2347 3305 2457 3374 jam
2479 3305 2703 3359 ulterius
2724 3318 2756 3357 a
2771 3305 2926 3360 vobis
2945 3305 3112 3374 accipi
3132 3321 3239 3359 non
3260 3315 3457 3375 potest,

1886 3414 2054 3468 usque
2076 3398 2142 3453 ad
2166 3397 2323 3452 ﬁnem
2345 3397 2607 3464 integrum
2634 3395 3145 3465 immaculatumquc
3166 3398 3325 3467 718
3344 3412 3463 3451 scr-

1886 3490 2051 3554 vetis;
2081 3496 2136 3543 et
2162 3487 2329 3543 semel
2356 3486 2532 3545 effecti
2557 3487 2759 3555 absque
2787 3494 3030 3555 peccato,
3062 3486 3115 3539 in
3141 3498 3401 3556 perpetuo
3425 3504 3458 3542 a

1889 3580 2124 3651 peccatis
2161 3578 2408 3633 omnibus
2448 3576 2734 3632 recedatis.
2774 3574 3015 3631 Christus
3039 3577 3202 3645 enim,
3244 3578 3335 3648 qui
3364 3594 3459 3633 vos

1890 3675 2123 3746 pollutos
2150 3688 2215 3727 ac
2238 3670 2501 3726 diabolica
2521 3670 2772 3725 suasione
2791 3669 3093 3725 sordidatos
3114 3685 3209 3724 sua
3235 3671 3454 3724 misera-

1892 3768 2037 3821 tione
2063 3764 2355 3827 mundavit,
2382 3777 2493 3816 non
2514 3762 2627 3815 vult
2646 3760 2930 3816 mandatos
2955 3761 3147 3815 iterum
3176 3758 3449 3815 sordidari.

1891 3856 2028 3910 Huic
2050 3855 2219 3924 gloria
2247 3861 2301 3908 et
2328 3853 2502 3906 honor
2529 3859 2652 3905 eum
2682 3850 2860 3915 Patre,
2882 3858 2938 3906 et
2964 3845 3167 3921 Spiritu
3189 3853 3367 3901 sancto
3391 3841 3443 3887 δι’

1891 3945 2083 4001 saecula
2102 3943 2437 4000 saeculorum.
2472 3944 2662 3995 Amen.

1348 4171 2041 4258 TRACTATUS
2115 4174 2273 4255 ΙΙΙ.

1586 4325 1669 4377 DE
1702 4328 2016 4380 BAPTISHO
2046 4331 2062 4360 ³
2074 4364 2087 4377 .

262 4431 567 4498 ﬂuensque
591 4428 657 4484 dc
685 4427 950 4499 mysteriis
986 4427 1154 4482 locuti
1181 4442 1363 4483 sumus
1392 4442 1510 4498 qua:
1537 4430 1623 4485 vel
1655 4440 1781 4487 ante
1810 4438 1861 4499 ι)
1884 4433 2026 4488 ditur
2062 4428 2343 4499 haptizatis
2369 4427 2601 4497 regalem
2643 4431 2698 4477 et

189 4522 549 4592 baptismatis
572 4526 987 4584 sacramentum,
1015 4518 1101 4573 vel
1129 4519 1183 4572 in
1212 4519 1330 4588 ipso
1355 4519 1677 4589 baptismate
1697 4536 1788 4577 ce-

191 4614 507 4669 lebrantur.
554 4613 705 4666 Nunc
741 4625 871 4665 vero
896 4610 963 4664 de
988 4610 1071 4666 his
1098 4610 1269 4665 acturi
1309 4627 1492 4666 sumus
1529 4626 1648 4680 qua:
1680 4612 1694 4661 i
1734 4612 1787 4666 in

184 4704 304 4774 jam
334 4702 630 4772 baptizatis
675 4711 859 4755 sancta
896 4700 1229 4755 institutione
1274 4701 1630 4770 complentur.
1678 4702 1785 4757 lm-

187 4794 351 4865 pleto
383 4793 532 4846 enim
561 4792 902 4861 baptismate,
949 4798 1110 4859 caput
1137 4798 1373 4846 vestrum
1398 4792 1703 4860 chrismate,
1733 4792 1785 4848 id

188 4892 278 4939 est
298 4884 436 4939 oleo
463 4878 904 4936 sanctiﬁcationis
928 4878 1273 4947 infundimus,
1308 4893 1405 4949 per
1430 4879 1571 4949 quod
1600 4888 1783 4936 osten-

266 5048 300 5076 ⁸
334 5040 584 5093 Staturos
614 5052 722 5089 esse
743 5036 1029 5089 credamus.
1096 5047 1114 5063 °

263 5106 299 5146 ι’
334 5107 599 5160 Idoneum
625 5107 1008 5158 resurrectionis
1030 5104 1314 5172 exemplum
1337 5102 1592 5156 Christum
1620 5104 1784 5171 ipsum

188 5175 497 5233 Dominum
524 5183 755 5228 nostrum
789 5173 1009 5228 Verbum
1031 5174 1225 5228 Patris.

273 5258 300 5286 ε
336 5245 486 5297 Deus
519 5244 757 5297 Verbum.

268 5316 299 5353 ά
336 5314 413 5367 Et
440 5314 670 5367 ascendit
700 5314 751 5366 in
772 5312 941 5366 cwlos.

270 5399 297 5425 ο
344 5384 707 5437 Resurrexisse
726 5401 757 5434 a
778 5385 1009 5435 mortuis.

269 5456 293 5495 ι
330 5453 474 5508 Ηωσ
502 5462 618 5506 sunt
643 5461 811 5504 autem
836 5469 964 5521 qua'.

263 5565 288 5598 ⁸
316 5561 387 5618 In
408 5560 645 5618 editione
674 5560 854 5613 titulus
882 5568 961 5612 cst
988 5579 998 5612 :
1027 5559 1207 5613 Sermo
1230 5559 1293 5611 de
1322 5561 1556 5612 unctione
1584 5560 1753 5623 rapitis
1788 5590 1803 5603 .

454 5657 725 5714 PLTBOL.
772 5655 961 5714 LVII.

1806 5566 1833 5599 ἵ
2058 5570 2073 5575 _

2890 4400 3079 4459 Wo.“
3108 4390 3329 4435 aﬂuit”
3372 4390 3407 4426 ³

1891 4466 2017 4488 una.
2062 4466 2343 4499 ιιι-,ηιοςηω
2370 4466 2601 4497 ,νοωωη
2645 4466 2697 4477 ν-
2732 4466 2811 4474 --ς
2992 4476 3309 4523 mm?“
3354 4466 3413 4515 ὴ

1891 4522 2118 4578 Domino
2159 4519 2491 4587 dignitatem.
2542 4514 2670 4567 Nam
2712 4510 2763 4559 in
2792 4503 2941 4547 "NN
2998 4516 3011 4525 "
3234 4564 3241 4569 ι

2589 4602 2602 4606 -
2668 4600 2679 4606 -
2848 4588 2877 4606 ε.
2920 4576 3071 4606 nm
3102 4568 3293 4603 unum
3322 4572 3411 4606 υἷι

1890 4615 1979 4686 qui
2008 4612 2321 4679 legebantur
2346 4610 2398 4663 in
2424 4600 2809 4695 saccnhwr‘:

1888 4702 2151 4770 gebantur
2172 4699 2294 4754 oleo
2314 4706 2370 4752 et
2390 4694 2631 4783 unctis“

1887 4790 2147 4848 sacriﬁcia
2171 4786 2424 4846 efferendi
2836 4772 2999 4873 ’ζέω

1891 4884 2040 4940 Sicut
2069 4891 2313 4939 sanctum
2356 4866 2507 4927 RN“
2540 4876 2587 4907 ⁵
2614 4850 2815 4899 ’WK‘
2864 4838 2999 4876 Ἕω
3050 4838 3241 4873 nu“
3284 4840 3387 4893 (ζ.

2926 5046 3257 5156 .12?“
3316 5068 3367 5099 ν

1954 5254 1974 5358 ;
2003 5254 2629 5383 απτ-μμ

1948 5378 1971 5412 λ
1998 5366 2243 5412 ιιι-ιρι
2268 5356 2331 5397 ⁸³

2950 5580 2987 5605 δ.

2948 5612 2977 5629 Α

3530 5556 3531 5559 “
3542 5550 3571 5583 ε

3608 5748 3679 5959 l

3688 5272 4049 5623 Γ

3684 5670 3695 5719 Γ
