4054 6194
526 284 641 346 779
675 336 678 340 .

1733 283 1791 340 S.
1829 281 2074 339 MAXIM
2112 281 2563 344 TAURINENSIS

3697 291 3826 353 780

535 418 656 458 mus
683 416 713 456 a
744 401 1041 472 prophetis,
1071 401 1218 458 etde
1244 400 1466 473 privatis
1506 401 1560 456 in
1589 413 1742 471 reges
1765 407 1792 438 α
1821 401 1947 456 oleo
1991 415 2119 456 san-
2148 400 2201 461 Α
2228 407 2425 472 tergere
2454 403 2612 459 linteo
2639 420 2738 476 quo
2765 413 2878 460 erat
2904 406 3215 477 praecinctus
3243 404 3427 476 (Im.
3457 405 3583 478 xu).
3608 405 3677 465 Et.
3698 423 3814 466 rur-

536 493 878 550 ctiﬁcationis
898 500 1156 548 mutatos.
1175 491 1327 549 Sicut
1347 501 1404 548 et
1417 500 1666 549 sanctum
1679 491 1860 548 Aaron
1883 507 1915 546 a
1935 491 2120 563 Moyse

535 591 759 639 unctum
807 582 1032 652 legimus
1055 621 1072 649 ,
1119 597 1188 638 ex
1234 583 1376 638 laico
1421 583 1476 638 in
1526 581 1863 638 sacerdotem
1903 579 2121 636 Domini

536 683 726 732 sancto
768 676 892 731 oleo
921 684 1318 732 consecratum.
1351 674 1502 731 Unde
1538 681 1593 731 et
1634 676 1689 730 in
1728 674 1936 745 psalmo
1965 673 2119 729 cani-

529 775 624 821 ‘tur
653 783 666 819 :
699 766 847 822 Sicut
866 774 1180 837 unguentum
1207 768 1263 820 in
1290 767 1458 837 capite
1489 766 1623 837 quod
1650 765 1913 820 descendit
1931 766 1987 819 in
2006 764 2125 818 bar-

539 855 678 922 bam,
709 855 924 910 barbam
951 856 1128 910 Aaron
1159 855 1331 928 (Psal.
1375 859 1593 924 cum).
1624 854 1731 911 Sed
1772 855 1904 931 illud
1931 855 1987 910 in
2012 854 2122 910 Ve-

541 949 642 1004 teri
689 947 1038 1004 Testamento
1081 947 1261 1004 oleum
1305 949 1608 1018 temporale
1635 963 1878 1017 regnum,
1920 955 2125 1018 tempo-

540 1041 655 1096 rale
681 1040 1042 1097 sacerdotium
1061 1040 1372 1098 conferebat
1394 1041 1422 1081 b
1455 1059 1470 1096 :
1497 1043 1554 1096 in
1577 1041 1685 1097 hoc
1705 1041 1850 1096 enim
1873 1040 1984 1095 vita
2005 1048 2123 1096 erat

542 1130 612 1185 ad
639 1130 1050 1187 ministrandum
1077 1147 1373 1203 paucorum
1411 1146 1678 1186 annorum
1705 1131 1976 1188 curriculo
2006 1138 2121 1185 ter-

542 1223 776 1290 minata;
805 1224 911 1279 hoc
939 1231 1120 1278 autem
1148 1223 1399 1290 chrisma,
1439 1221 1496 1276 id
1532 1230 1616 1278 est
1641 1221 1760 1277 haec
1780 1221 1962 1277 unctio
2001 1235 2122 1290 qua:

535 1312 695 1367 vobis
722 1312 973 1382 imposita
1000 1320 1102 1379 est,
1149 1323 1170 1352 ο
1198 1312 1340 1368 illius
1378 1312 1664 1368 sacerdotii
1691 1311 1920 1368 contulit
1947 1310 2125 1380 digni-

545 1409 712 1459 tatem
733 1443 749 1469 ,
799 1403 944 1473 quod
973 1419 1094 1460 cum
1124 1402 1294 1458 semel
1335 1402 1590 1458 collatum
1615 1401 1810 1468 fuerit,
1847 1415 2123 1471 nunquam

545 1502 629 1550 est
654 1493 947 1550 ﬁniendum
977 1491 1027 1548 ἀ.
1059 1493 1251 1548 Mirum
1279 1500 1428 1550 certe
1455 1494 1600 1564 quod
1621 1493 1873 1562 diximus,
1901 1508 2002 1550 vos
2030 1493 2124 1549 illo

535 1585 838 1642 chrismate
879 1596 1107 1653 regnum
1148 1582 1341 1639 futurae
1383 1584 1572 1653 glorias
1595 1623 1610 1648 ,
1657 1591 1713 1640 et
1761 1583 2123 1640 sacerdotium

533 1691 665 1733 esse
689 1685 1012 1734 consecutos
1043 1685 1089 1729 ο.
1122 1674 1321 1730 Verum
1359 1689 1469 1730 non
1497 1688 1600 1744 ego
1624 1674 1813 1740 vobis,
1853 1674 1950 1731 sed
1993 1688 2127 1745 apo-

2221 511 2340 550 sum
2375 513 2386 548 :
2419 495 2702 568 Postquam
2730 506 2902 551 autem
2930 497 3056 552 lavit
3080 496 3234 568 pedes
3261 513 3464 567 eorum,
3493 500 3696 570 accepit
3721 517 3818 556 re-

2221 586 2462 640 stimenta
2491 604 2618 654 sua;
2649 598 2698 641 et
2740 603 2855 642 cum
2897 587 3256 656 recubuisset,
3300 590 3490 642 iterum
3523 589 3657 643 dixit
3686 591 3762 645 eis
3793 605 3818 644 :

2223 675 2382 732 Scitis
2403 678 2534 749 ’quid
2563 681 2726 749 719
2759 679 2988 750 fecerim.
3024 678 3129 734 Vos
3159 681 3354 734 vocatis
3377 697 3461 734 me
3489 683 3737 752 magister
3763 692 3822 737 et

2221 765 2496 833 Dominus,
2518 776 2568 821 et
2588 767 2715 822 bene
2736 769 2926 822 dicitis.
2953 767 3082 823 Sum
3109 770 3322 824 etenim.
3345 768 3407 825 Si
3435 785 3562 841 ergo
3592 788 3687 842 ego
3710 771 3823 827 lari

2222 859 2377 930 pedes
2412 869 2607 914 vestros
2649 859 2902 915 Dominus
2941 869 2992 914 et
3019 861 3286 932 magister,
3326 873 3526 931 quanto
3565 864 3735 934 magis
3765 869 3823 917 et

2221 967 2310 1005 vos
2339 949 2536 1005 debetis
2572 952 2877 1006 alterutrum
2901 952 3076 1006 lavare
3102 952 3301 1022 pedes?
3329 951 3638 1024 Exemplum
3671 955 3823 1007 enim

2225 1043 2348 1097 dedi
2373 1043 2536 1111 vobis,
2559 1053 2616 1096 ut
2635 1043 3065 1116 quemadmodum
3089 1061 3184 1116 ego
3211 1046 3349 1117 facio
3368 1043 3530 1110 vobis,
3561 1045 3634 1098 ita
3651 1055 3706 1098 et
3727 1059 3824 1099 ros

2226 1132 2452 1202 faciatis.
2484 1132 2646 1187 Amen
2684 1148 2834 1187 amen
2861 1132 2976 1187 dico
3021 1132 3160 1187 vobis
3183 1167 3206 1199 ,~
3241 1133 3366 1205 quia
3395 1150 3500 1187 non
3535 1143 3611 1187 est
3635 1149 3826 1187 servus

2224 1221 2396 1292 major
2432 1221 2641 1277 domino
2679 1239 2793 1286 suo,
2835 1238 2929 1276 nec
2955 1221 3218 1293 apostolus
3251 1222 3424 1293 major
3451 1239 3514 1277 eo
3551 1224 3636 1294 qui
3668 1223 3827 1276 misit

2215 1329 2360 1366 eum.
2391 1312 2454 1367 Si
2482 1313 2591 1368 hac
2614 1313 2782 1379 scitis,
2822 1311 2956 1367 beati
2983 1314 3130 1382 estis,
3172 1315 3218 1367 si
3259 1313 3484 1385 feceritis
3507 1330 3568 1368 ea
3597 1312 3826 1384 (Ibid.).

2223 1401 2576 1458 Considerate
2601 1416 2752 1471 ergo,
2784 1401 2978 1458 fratres
3005 1402 3360 1470 dilectissimi,
3391 1402 3543 1473 cujus
3570 1401 3820 1470 infelici-

2225 1495 2385 1559 tatis,
2425 1494 2576 1564 cujus
2625 1494 2847 1550 insauiaa
2873 1495 2980 1561 sit,
3031 1503 3090 1549 ut
3116 1494 3439 1564 dediguetur
3473 1510 3654 1550 servus
3683 1511 3829 1552 cori-

2226 1601 2406 1654 servo,
2451 1586 2742 1657 discipulus
2769 1585 3138 1657 condiscipulo
3166 1587 3350 1641 lavare
3377 1586 3561 1656 pedes,
3589 1586 3826 1656 quando

2227 1679 2468 1735 omnium
2495 1678 2746 1734 dominus
2771 1684 2828 1734 et
2863 1679 3123 1746 magister
3158 1692 3447 1733 servorum
3487 1685 3542 1734 et
3568 1678 3830 1749 discipu-

543 1768 716 1824 stolus
760 1763 953 1822 Petrus
974 1806 990 1831 ,
1036 1767 1148 1821 imo
1177 1779 1274 1836 per
1313 1763 1536 1821 Petrum
1578 1763 1822 1821 Christus
1865 1765 2118 1842 collatam
2148 1767 2200 1830 Β
2222 1769 2400 1825 lorum
2435 1784 2657 1825 suorum
2701 1769 2867 1839 pedes
2913 1768 3093 1823 lavare
3127 1767 3379 1837 dignatus
3423 1775 3507 1822 est
3556 1768 3599 1822 i.
3646 1768 3832 1836 Quod

543 1860 685 1914 hanc
728 1855 1042 1928 pronuntiat
1086 1854 1420 1926 dignitatem.
1463 1854 1556 1911 Sic
1598 1855 1742 1910 enim
1785 1855 2023 1926 loquitur
2053 1855 2122 1910 ad

536 1946 748 2011 ﬁdeles,
781 1946 834 2000 id
862 1952 947 2002 est
969 1944 1038 1999 ad
1065 1959 1162 2001 eos
1198 1945 1291 2014 qui
1319 1944 1639 2016 baptismate
1664 1945 1834 2001 abluti
1871 1953 1928 2002 et
1949 1945 2125 2002 chris-

537 2049 690 2095 .mate
717 2041 1019 2096 consecrati
1040 2048 1166 2096 sunt
1197 2058 1210 2095 :
1256 2040 1358 2096 Vos
1383 2049 1555 2095 autem
1580 2057 1738 2113 genus
1766 2039 1940 2112 regale
1958 2047 2007 2095 et
2033 2056 2126 2096 sa~

533 2132 820 2198 cerdotale,
852 2149 976 2204 gens
1003 2141 1217 2202 sancta,
1258 2132 1478 2204 populus
1515 2133 1900 2205 acquisitionis,
1941 2141 1999 2186 ut
2023 2132 2128 2187 vir—

543 2231 676 2279 tates
705 2225 1024 2279 annuntietis
1062 2225 1174 2296 ejus
1222 2226 1307 2298 qui
1344 2225 1408 2280 de
1449 2224 1669 2280 tenebris
1705 2241 1793 2281 vos
1833 2225 2029 2280 vocavit
2070 2225 2126 2279 in

537 2313 854 2370 admirabile
881 2316 1050 2370 lumen
1090 2332 1239 2371 suum
1271 2315 1326 2389 (1
1351 2315 1491 2371 Petr.
1515 2315 1596 2388 ιι).
1622 2315 1971 2372 Considerate
1998 2330 2127 2386 ergo

549 2404 810 2460 honorem
840 2419 1000 2475 quem
1043 2407 1100 2461 in
1137 2406 1231 2462 illo
1259 2406 1390 2462 estis
1429 2407 1686 2478 mysterio
1714 2407 2028 2474 consecuti,
2071 2412 2128 2461 et

537 2503 735 2551 cavete
762 2511 832 2551 ne
860 2497 999 2552 forte
1027 2498 1120 2567 qui
1149 2506 1273 2568 post
1297 2504 1519 2568 peccata
1557 2513 1656 2568 per
1681 2498 2006 2568 baptismum
2032 2497 2128 2553 lilii

546 2589 698 2659 regni
732 2589 859 2644 facti
889 2590 1039 2657 estis,
1064 2605 1278 2645 rursum
1304 2589 1599 2660 peccando,
1631 2589 1776 2659 quod
1804 2591 1962 2656 absit,
1994 2589 2128 2645 veli“-

540 2683 617 2738 -tis
645 2681 783 2738 efﬁci
812 2681 906 2738 ﬁlii
929 2682 1191 2752 gehennze
1222 2681 1262 2737 τ.
1296 2681 1533 2752 impletis
1559 2689 1738 2737 autem
1765 2683 2014 2738 omnibus
2041 2697 2130 2737 sa-

539 2772 858 2841 cramentis,
881 2773 1043 2828 etiam
1071 2782 1096 2820 δ
1124 2771 1438 2826 mandatum
1466 2771 1666 2826 Christi
1692 2772 1848 2828 vobis
1870 2779 1926 2827 et
1945 2787 2128 2827 exem-

546 2865 638 2934 plo
659 2871 716 2919 et
733 2878 985 2919 sermone
1006 2862 1340 2918 tradidimus.
1357 2861 1610 2918 Lavimus
1631 2862 1774 2917 enim
1796 2862 2128 2931 singulorum

547 2951 711 3022 pedes
735 2994 751 3019 ,
800 2953 868 3006 ad
933 2951 1290 3006 imitationem
1333 2965 1430 3006 vos
1474 2959 1744 3016 nostram,
1798 2950 1907 3005 imo
1962 2950 2128 3020 ipsius

546 3041 758 3098 Domini
778 3050 833 3097 et
846 3041 1140 3098 Salvatoris
1163 3042 1330 3096 nostri
1342 3057 1440 3098 vos
1460 3049 1846 3113 provocantes;
1870 3049 1930 3096 ut
1949 3057 2130 3112 quem-

539 3131 835 3188 admodum
883 3148 982 3188 nos
1025 3140 1238 3189 vestros
1295 3133 1462 3204 pedes
1505 3133 1766 3199 lavimus,
1832 3133 1908 3188 ita
1962 3133 2125 3189 etiam

539 3237 644 3278 vos
672 3224 838 3293 pedes
864 3223 1090 3279 fratrum
1121 3232 1177 3278 et
1196 3222 1467 3293 hospitum
1507 3223 1691 3279 lavare
1718 3223 1976 3279 debeatis.
2008 3223 2124 3280 Non

536 3317 722 3374 solum
741 3333 839 3372 vos
863 3315 1156 3388 hospitales
1186 3329 1306 3372 esse
1332 3315 1606 3383 docemus,
1634 3316 1729 3371 sed
1757 3317 1920 3372 etiam
1943 3317 2124 3372 humi-

538 3407 647 3476 les,
674 3408 746 3462 ita
772 3408 1101 3463 honorantes
1121 3421 1258 3477 quos
1279 3406 1334 3461 in
1353 3415 1532 3461 vestra
1548 3406 1858 3476 suscepistis
1868 3406 2120 3478 hospitia,

545 3507 606 3554 ut
630 3513 756 3568 erga
785 3513 878 3554 eos
905 3513 1184 3554 servorum
1213 3495 1242 3535 ιι
1272 3513 1530 3553 exercere
1553 3514 1659 3554 non
1691 3500 2023 3555 erubescatis
2052 3499 2128 3555 of-

547 3589 745 3645 ﬁcium.
779 3587 932 3656 Quod
963 3604 1030 3644 ne
1057 3587 1159 3644 sibi
1202 3588 1520 3658 iniuriosum
1551 3591 1670 3661 quis
1697 3598 1886 3660 putet,
1932 3599 1988 3646 et
2012 3592 2127 3646 dia-

537 3679 725 3737 :bolico
754 3679 968 3736 inﬂatus
995 3689 1232 3748 tumore,
1276 3680 1590 3737 mandatum
1619 3683 1829 3738 Domini
1857 3683 2034 3740 facere
2059 3699 2127 3740 ne

546 3770 898 3840 dedignetur;
940 3769 953 3808 ί
986 3778 1043 3825 et
1080 3770 1326 3840 quamvis
1369 3771 1461 3827 ille
1487 3772 1544 3825 in
1572 3772 1768 3828 saeculo
1799 3773 1994 3830 nobilis
2033 3775 2125 3845 sit,

545 3861 796 3932 pauperis
832 3869 888 3914 et
925 3860 979 3913 in
1003 3861 1108 3915 hoc
1149 3860 1346 3916 saeculo
1390 3863 1810 3931 contemptibilis
1837 3861 2127 3920 Christiani

547 3951 728 4006 lavare
756 3949 921 4020 pedes
945 3964 1054 4004 non
1099 3951 1406 4005 erubescat.
1436 3952 1537 4017 Qui
1565 3960 1621 4007 et
1661 3954 1764 4009 hoc
1791 3957 2045 4026 praecepit
2069 3963 2127 4011 et

549 4039 695 4107 fecit,
728 4041 836 4095 imo
858 4047 1146 4111 antequam
1173 4041 1510 4111 praeciperet,
1539 4041 1716 4098 facere
1744 4043 1990 4114 dignatus
2021 4054 2121 4102 est.

549 4130 825 4201 Siquidem
851 4131 1110 4201 praemisit
1137 4132 1442 4202 exemplum
1466 4175 1481 4200 ,
1530 4142 1590 4190 ut
1616 4135 1823 4192 facilius
1851 4153 2126 4194 commen-

549 4224 703 4279 daret
731 4223 1033 4294 imperium.
1081 4223 1173 4279 Sic
1201 4225 1344 4280 enim
1389 4225 1445 4280 in
1472 4225 1764 4296 Evangelio
1805 4229 2031 4298 legimus
2059 4232 2127 4288 de

548 4314 778 4370 Domino
805 4313 930 4370 Jesu
975 4332 989 4368 :
1029 4313 1247 4383 Sciens,
1295 4315 1486 4384 inquit,
1527 4318 1662 4389 quod
1701 4321 1877 4373 omnia
1913 4320 2052 4376 dedit
2076 4324 2127 4378 ei

549 4403 711 4458 Pater
738 4406 792 4458 in
821 4421 1024 4470 manus,
1051 4414 1102 4459 et
1127 4405 1248 4477 quia
1271 4422 1304 4458 a
1331 4404 1441 4460 Deo
1473 4409 1651 4472 exivit,
1679 4417 1729 4463 et
1758 4410 1826 4463 ad
1847 4411 2016 4466 Deum
2038 4430 2128 4468 va-

2229 1876 2339 1916 non
2361 1859 2576 1916 aliunde
2594 1873 2755 1929 quam
2776 1859 2844 1914 de
2870 1857 3250 1914 incredulitate
3277 1858 3459 1912 evenit
3485 1857 3831 1913 futurorum.

2224 1951 2288 2007 Si
2313 1952 2458 2007 enim
2483 1964 2615 2006 vere
2658 1957 2715 2006 et
2762 1956 2880 2006 toto
2905 1949 3086 2004 animo
3129 1949 3514 2018 crederemus,
3557 1963 3649 2019 per
3698 1950 3834 2004 haec

2227 2043 2439 2099 Domini
2465 2049 2766 2113 praecepta,
2798 2054 2920 2110 quae
2962 2037 3115 2095 brevi
3155 2047 3272 2094 toto
3299 2039 3424 2094 vita:
3451 2047 3637 2094 nostra:
3670 2046 3836 2093 tein:-

2226 2147 2359 2205 pore
2386 2132 2740 2200 custodimus,
2779 2131 2847 2186 ad
2868 2137 3087 2186 aeterna
3116 2138 3171 2185 et
3197 2129 3438 2186 ccelestia
3465 2143 3559 2185 nos
3585 2130 3836 2200 praemia

2227 2224 2544 2296 pervenire;
2593 2239 2702 2280 non
2743 2223 2917 2278 solum
2984 2237 3093 2277 non
3137 2221 3571 2276 erubesceremus
3619 2219 3835 2275 omnia

2230 2333 2393 2389 opera
2421 2317 2739 2373 humilitatis
2783 2313 3086 2386 implendo,
3130 2327 3316 2368 verum
3345 2312 3506 2368 etiam
3547 2310 3858 2379 gloriare-7

2230 2423 2371 2463 mur.
2426 2405 2817 2463 Commendate
2859 2417 2988 2474 ergo
3035 2401 3263 2457 ﬁrmiter
3296 2400 3567 2456 memoriae
3609 2405 3836 2455 vestra

2230 2497 2377 2568 quod
2420 2496 2644 2552 audistis
2685 2509 2717 2550 a
2748 2493 2923 2560 nobis,
2955 2501 3012 2548 et
3038 2491 3182 2562 quod
3223 2491 3410 2557 nobis,
3443 2489 3545 2545 imo
3573 2489 3838 2546 Domino

2230 2587 2574 2659 promisistis.
2624 2585 2736 2676 Noec
2783 2583 2893 2639 ulla
2920 2598 3158 2653 unquam
3208 2580 3483 2637 tribulatio
3526 2582 3838 2651 praesentis

2230 2681 2355 2737 vitae
2397 2671 2832 2735 recordationem
2880 2675 3030 2731 vobis
3075 2681 3267 2729 vestra:
3313 2671 3516 2728 auferat
3555 2672 3839 2741 sponsio-

2230 2772 2336 2827 nis.
2367 2769 2392 2809 ι
2423 2768 2647 2840 Implete
2687 2767 2866 2823 omnia
2888 2781 3013 2836 quae
3049 2763 3274 2820 audistis
3319 2762 3585 2834 imperari.
3623 2760 3840 2820 Nolite

2231 2861 2436 2918 similes
2479 2859 2623 2914 efﬁci
2652 2858 2852 2928 populo
2879 2855 3203 2921 Judteontm,
3235 2853 3328 2924 qui
3369 2868 3491 2909 cum
3528 2851 3839 2910 audissent

2231 2959 2502 3025 praecepta
2532 2950 2666 3016 Dei,
2715 2957 2864 3005 recte
2891 2948 3107 3019 quidem
3135 2947 3390 3002 dixerunt
3421 2963 3436 2999 :
3476 2942 3662 2998 Omnia
3703 2961 3840 3016 qua

2232 3043 2499 3098 mandavit
2537 3041 2683 3096 nobis
2729 3038 2980 3095 Dominus
3017 3038 3284 3093 audiemus
3308 3076 3324 3105 ,
3365 3043 3416 3091 et
3444 3035 3696 3108 faciemus
3763 3053 3839 3091 ea

2232 3133 2429 3205 (Exod.
2476 3133 2625 3204 xxx);
2667 3131 2760 3188 sed
2813 3131 2958 3202 quod
3001 3131 3143 3186 bene
3171 3130 3527 3201 promiserant
3552 3127 3842 3197 neglexe~

2229 3235 2375 3282 runt.
2423 3225 2750 3282 Placuerunt
2777 3225 2920 3280 enim
2965 3225 3078 3280 Deo
3111 3223 3130 3262 ι
3177 3223 3434 3293 quoniam
3467 3236 3525 3278 se
3551 3221 3839 3278 mandata

2229 3319 2346 3390 ejus
2390 3326 2699 3375 servaturos
2744 3317 3126 3387 promiserunt.
3177 3315 3269 3371 Sic
3313 3314 3526 3385 quidem
3577 3313 3841 3381 legimus

2228 3412 2427 3468 dixisse
2467 3409 2535 3464 ad
2580 3408 2801 3480 Moysen
2829 3407 3087 3477 populum
3131 3405 3335 3461 lsrael:
3381 3401 3597 3467 Accede,
3628 3410 3730 3467 tu,
3787 3412 3842 3458 et

2229 3503 2352 3558 audi
2379 3505 2554 3558 omnia
2573 3511 2612 3538 ω
2632 3509 2823 3573 quanta
2853 3499 3075 3567 loquitur
3101 3496 3354 3553 Dominus
3383 3495 3519 3551 Deus
3540 3504 3730 3549 noster
3760 3496 3842 3550 ad

2231 3603 2308 3661 te;
2352 3602 2402 3648 et
2430 3601 2482 3647 tu
2529 3593 2750 3663 loqueris
2778 3589 2847 3644 ad
2894 3606 2988 3644 nos
3018 3590 3194 3644 omnia
3237 3595 3432 3660 quanta
3475 3586 3709 3657 loquitur
3759 3588 3838 3640 ad

2229 3687 2391 3759 720
2416 3701 2512 3739 nos
2541 3682 2795 3738 Dominus
2816 3680 2956 3736 Deus
2979 3689 3186 3746 noster;
3209 3689 3258 3734 et
3277 3679 3556 3742 audiemus,
3573 3687 3620 3730 et
3645 3667 3844 3746 facie-

2229 3795 2362 3834 mus.
2398 3775 2467 3829 Et
2485 3776 2619 3829 dixit
2639 3773 2709 3827 ad
2739 3771 2956 3842 Moysen
2981 3770 3237 3826 Dominus
3261 3784 3279 3823 :
3301 3769 3485 3822 Audivi
3505 3781 3671 3822 vocem
3708 3785 3846 3822 ser-

2229 3882 2438 3923 monum
2469 3864 2643 3936 populi
2674 3862 2824 3932 hujus
2848 3902 2864 3927 ,
2906 3869 3101 3932 quanta
3141 3860 3298 3914 locuti
3336 3867 3474 3912 sunt.
3504 3854 3624 3920 Quis
3660 3856 3847 3914 dabit

2229 3975 2318 4013 cor
2346 3973 2518 4012 eorum
2549 3957 2624 4010 sic
2650 3971 2760 4009 esse
2787 3954 2841 4007 in
2873 3954 2964 4019 eis,
2995 3961 3050 4005 ut
3078 3959 3305 4006 metuant
3339 3967 3438 4016 me,
3469 3959 3518 4003 et
3542 3947 3846 4006 observent

2228 4057 2490 4121 praecepta
2517 4064 2630 4102 mea
2658 4044 2891 4101 omnibus
2935 4043 3152 4101 diebus?
3200 4042 3528 4098 Placuerunt
3566 4055 3735 4110 ergo,
3778 4053 3848 4100 ut

2229 4143 2486 4209 diximus,
2533 4140 2666 4205 Deo,
2701 4147 2731 4174 η
2758 4137 3014 4208 quoniam
3052 4135 3278 4206 polliciti
3306 4144 3432 4190 sunt
3468 4149 3526 4190 se
3551 4134 3842 4193 mandata

2229 4232 2348 4302 ejus
2393 4244 2514 4287 esse
2542 4230 2779 4284 facturos
2805 4268 2820 4295 ,
2869 4225 2964 4281 sed
2992 4225 3398 4295 displicuerunt,
3429 4223 3680 4294 quoniam
3719 4241 3847 4295 po-

2230 4325 2330 4382 sila
2352 4323 2453 4378 sibi
2477 4318 2748 4387 mandata,
2777 4325 2834 4372 et
2853 4332 2972 4387 qum
2998 4316 3360 4386 promiserunt
3379 4329 3604 4378 servare,
3626 4322 3847 4372 trans-

2232 4413 2403 4485 gressi
2424 4418 2566 4467 sunt.
2599 4409 2677 4464 De
2703 4408 2833 4478 ipsis
2857 4407 3002 4462 enim
3032 4407 3291 4476 propheta
3314 4405 3545 4476 loquitur
3571 4404 3790 4462 dicens
3823 4426 3842 4463 :

549 4497 654 4563 dit,
681 4497 849 4568 surgit
885 4515 918 4551 a
946 4513 1113 4563 coena,
1143 4507 1192 4552 et
1219 4499 1391 4568 posuit
1427 4500 1726 4554 vestimenta
1751 4518 1886 4568 sua;
1925 4513 1975 4558 et
2009 4523 2124 4562 cum
2153 4484 2206 4546 D
2228 4484 2532 4562 Dilexerunt
2559 4517 2676 4556 eum
2702 4501 2755 4554 in
2781 4515 2868 4553 ore
2899 4514 3012 4562 suo,
3045 4506 3094 4551 et
3133 4497 3315 4568 lingua
3341 4513 3436 4551 sua
3462 4496 3658 4549 mentiti
3695 4511 3848 4554 sum

549 4590 827 4659 accepisset
854 4588 1117 4649 lienteum.
1145 4589 1419 4658 praecinxit
1445 4605 1519 4643 se.
1545 4589 1745 4646 Deinde
1772 4595 1911 4648 misit
1939 4613 2126 4668 aquam
2226 4601 2276 4655 ei
2318 4596 2490 4669 (Psal.
2534 4591 2754 4663 Lxxvu).
2799 4589 2914 4646 Hoc
2941 4596 3025 4644 est
3057 4589 3201 4644 enim
3240 4597 3264 4625 ο
3308 4603 3405 4644 ore
3431 4601 3579 4652 eum,
3609 4596 3667 4642 et
3708 4607 3846 4648 non

551 4681 608 4736 in
634 4679 838 4752 pelvim,
876 4685 927 4732 et
965 4679 1113 4748 carpit
1142 4677 1314 4732 lavare
1352 4679 1502 4749 pedes
1531 4679 1920 4749 discipulorum,
1959 4695 2008 4741 et
2032 4706 2126 4745 επ-
2221 4688 2388 4748 corde
2416 4685 2638 4756 diligere
2669 4699 2683 4736 :
2712 4681 2858 4751 quod
2901 4680 3228 4751 promittunt
3253 4694 3316 4734 se
3343 4678 3440 4734 Dei
3476 4679 3849 4739 voluntatem

624 4824 648 4852 ο
683 4810 798 4868 Olei
826 4813 990 4867 sancti
993 4812 1255 4883 ficatione.

621 4883 650 4923 δ
679 4884 984 4956 initae”...
1025 4885 1349 4956 terminatur.
1443 4939 1462 4956 .

625 4965 648 5029 ξ
682 4954 832 5029 illius
861 4952 1000 5029 nobis
1025 4954 1189 5023 regni,
1219 4953 1362 5007 illius
1381 4952 1657 5010 sacerdotii
1685 4961 1918 5029 contulit,
1952 4972 2056 5020 etc.

621 5021 651 5060 ἀ
680 5022 948 5094 Miramini
970 5021 1121 5094 forte.

626 5100 650 5128 ε
682 5090 806 5174 {Yon
844 5109 939 5174 ego
968 5090 1130 5161 nobis,
1162 5091 1317 5148 deest
1342 5110 1534 5162 verum,
1574 5096 1771 5155 deinde
1799 5118 1890 5168 per
1917 5113 2128 5174 aposto-

554 5160 660 5214 lum
685 5159 937 5214 Christus.

629 5227 650 5309 ξ
685 5227 949 5309 Quomodo
976 5234 1112 5309 enim
1136 5234 1297 5309 irasci
1324 5237 1516 5303 putatis
1545 5235 1730 5303 Deum,
1761 5240 1807 5292 si
1835 5249 1950 5308 post
1977 5243 2128 5297 bene-

553 5299 688 5381 ﬁcia
703 5299 834 5368 ejus,
868 5311 982 5381 post
999 5299 1373 5381 indulgentium
1393 5299 1906 5381 peccatorum't'eli'tis
1928 5313 1996 5364 ad
2019 5330 2133 5381 pec-

554 5368 774 5421 candum
801 5373 1082 5448 reverti,_et
1106 5368 1191 5443 qui
1231 5368 1467 5442 adaptnti
1490 5377 1610 5448 estis
1636 5379 1692 5430 in
1718 5377 1815 5431 Dei
1840 5379 1998 5448 filios,
2019 5368 2127 5434 'ite-

553 5455 669 5510 rum
709 5439 857 5510 quasi
901 5443 1051 5507 serui,
1083 5439 1462 5499 contemnentes
1514 5444 1680 5500 Deum
1719 5439 1881 5503 velitis
1938 5439 2132 5506 diaboli

555 5509 733 5582 facere
744 5509 1075 5582 voluntatem.

624 5587 652 5653 ξ
681 5578 992 5653 gandetum
1017 5579 1172 5653 vobis,
1199 5589 1555 5653 et‘exemplum
1584 5587 1910 5642 tradidimus.

625 5647 951 5728 5_Sertvorum
975 5647 1203 5728 implere.
1232 5650 1380 5714 Quod
1406 5647 1451 5708 si
1473 5656 1784 5728 injuriosum
1816 5659 1926 5728 quis
1956 5666 2124 5727 putat,

625 5675 654 5688 ··
677 5675 951 5704 cervarum
975 5675 1203 5722 tmptere.
1232 5675 1377 5714 uuoa
1406 5675 1451 5708 δι
1473 5675 1526 5708 tn
1555 5675 1784 5710 unosum
1816 5675 1926 5728 quas
1956 5675 2124 5727 ραιαι,

562 5727 610 5771 ct
642 5720 886 5776 diabolici
911 5722 1126 5792 inﬂatus
1156 5730 1353 5776 tumore
1379 5675 1679 5780 mamlatum
1719 5724 1929 5782 Domini
1950 5729 2131 5790 facere

2300 4823 2563 4876 dianatur.

2232 4825 2563 4894 dedignatur.
2653 4887 2666 4899 .
2725 4888 2737 4902 θ
2849 4888 2861 4900 ⁸
3253 4884 3264 4896 ,
3294 4885 3304 4895 1
3793 4887 3806 4898 _

2316 4893 2332 4931 ί
2366 4890 2437 4944 Et
2465 4903 2692 4961 quamvis
2719 4886 2807 4941 ille
2838 4886 3126 4961 insecuta
3145 4884 3350 4961 nobilis,
3382 4897 3647 4961 pauperes,
3685 4895 3755 4937 et
3785 4904 3848 4940 ut

2236 4964 2331 5017 hoc
2363 4952 2550 5014 uacula
2573 4956 2979 5026 contemptibiles
3005 4955 3286 5026 Christiani
3309 4954 3479 5008 lavare
3496 4952 3651 5022 pedes
3692 4970 3848 5008 em-

2234 5033 2410 5100 bescit,
2439 5030 2524 5100 qui
2550 5036 2600 5100 et
2622 5027 2717 5100 hoc
2739 5025 2978 5100 praaceplt
2998 5035 3046 5100 et
3077 5025 3215 5094 fecit,
3238 5031 3345 5100 etc.

2309 5099 2324 5151 i
2375 5089 2509 5154 Cod.
2549 5097 2615 5152 de
2654 5089 2929 5166 Appannis
2955 5089 3117 5149 habet
3158 5093 3454 5166 :_dign_atus
3483 5097 3579 5166 est.
3613 5089 3736 5146 Ille
3787 5110 3850 5149 se

2234 5169 2517 5224 humiliavit
2541 5161 2894 5238 inferioribus,
2922 5182 3017 5238 nos
3041 5179 3165 5238 serg
3184 5161 3443 5238 humiliari
3464 5161 3849 5238 dedignamur

2234 5239 2512 5313 aequalibus
2540 5229 2752 5313 et'sa’pe
2779 5234 3090 5313 melioribus.
3125 5231 3276 5297 Quod
3306 5247 3409 5285 non
3437 5229 3665 5293 aliunde,
3710 5245 3846 5293 etc.

2232 5304 2311 5364 lta
2339 5309 2500 5364 etiam
2525 5304 2801 5375 Augustini
2821 5304 3004 5360 editio.

2307 5378 2334 5416 ¹ί
2361 5377 2578 5444 Implete
2607 5369 2781 5430 omnia
2808 5390 2922 5444 qua:
2943 5371 3160 5428 audistis
3189 5371 3440 5442 imperia;
3471 5369 3685 5440 implete
3713 5389 3850 5430 om.

2235 5450 2325 5518 nia
2350 5443 2520 5518 vestra
2545 5462 2668 5518 qua:
2694 5443 3020 5518 promisistis.

2312 5516 2330 5556 ι
2365 5515 2583 5581 Quando
2612 5530 2709 5584 pro
2738 5515 3000 5585 quoniam.

2309 5598 2346 5624 πη
2368 5574 2579 5650 Quanta
2606 5574 2827 5654 loquiiur
2853 5583 2920 5636 ad
2941 5599 3027 5637 vos
3047 5574 3319 5654 Dominus,
3343 5587 3446 5634 etc.

2309 5666 2334 5694 ιι
2369 5646 2794 5725 Quandoquidem
2831 5667 2931 5725 pro
2958 5654 3238 5725 quoniam;
3265 5651 3338 5705 ita
3365 5646 3526 5722 paulo
3552 5654 3716 5718 post.

2311 5735 2336 5764 °
2368 5725 2472 5783 Ore
2496 5724 2682 5782 Deum.

2311 5735 2336 5764 °
2368 5735 2472 5782 Ure
2496 5735 2682 5782 Deum.
