4054 6194
220 322 307 377 781

1215 308 1619 370 TRACTATUS
1658 314 1746 370 ιν.
1789 312 2061 370 CONTRA
2114 292 2445 370 PACANOS.

3352 321 3458 374 782

218 449 329 492 esse
354 431 625 495 facturos,
676 430 1009 487 mentiuntur
1037 430 1232 498 lingua,
1278 439 1333 484 et
1380 431 1446 485 ad
1475 428 1775 485 faciendam
1808 436 1851 491 A
1882 430 1980 484 dor
2021 428 2260 483 dentium
2291 427 2504 497 (Matth.
2552 429 2698 499 vm);
2742 431 2831 485 ubi
2870 432 3006 485 sicut
3047 432 3161 501 ipsc
3204 431 3456 488 Dominus

219 522 409 581 diaboli
454 520 723 588 refugiunt
752 520 1115 587 voluntatem;
1166 520 1590 589 omnipotentem
1616 520 1785 575 Deum

221 614 282 667 ad
310 610 638 667 iracundiam
666 615 1024 679 provocantes
1046 649 1060 674 ,
1104 609 1194 679 qui
1235 624 1294 663 se
1322 610 1528 664 irrideri
1557 625 1663 664 non
1693 624 1789 679 pa-

221 704 361 758 titur.
401 699 503 765 Qui
532 715 655 754 cum
698 707 753 753 ct
780 714 946 769 opera
987 699 1262 754 hominum
1292 700 1585 768 quamlibet
1614 701 1665 754 in
1696 715 1788 755 oc-

219 792 357 848 culto
386 791 526 845 facta
553 789 881 857 conspiciat;
926 789 1017 857 qui
1042 804 1163 843 cum
1190 789 1350 843 verba
1392 790 1572 844 omnia
1600 804 1791 858 quam-

219 883 340 939 libet
385 887 596 936 secreto
642 879 1028 934 insusurrantis
1065 879 1276 944 audiat;
1326 880 1569 947 quicum
1616 878 1791 933 omnis

218 973 449 1029 omnium
497 969 857 1039 cogitationes
882 969 1143 1037 intelligat
1187 978 1242 1023 et
1269 977 1593 1038 cognoscat,
1633 983 1786 1023 sevc-

218 1062 421 1116 rissime
447 1059 734 1129 iudicabit.
760 1060 860 1127 Qui
887 1060 976 1115 hic
1002 1060 1124 1116 ideo
1162 1076 1271 1116 non
1298 1075 1512 1131 semper
1541 1068 1784 1115 contem-

219 1162 398 1223 ptores
423 1167 551 1207 suos
581 1152 752 1221 punit,
782 1151 908 1220 quia
938 1152 993 1205 in
1030 1152 1207 1209 futuro
1235 1150 1470 1205 decrevit
1498 1165 1616 1206 esse
1639 1149 1784 1219 judi-

222 1245 379 1309 cium,
410 1242 499 1299 ubi
526 1248 731 1295 :eterna
771 1240 1147 1296 condemnatio
1176 1249 1232 1296 et
1258 1248 1517 1312 perpetua
1544 1248 1789 1295 servatur

218 1333 584 1407 peccatoribus
610 1346 768 1404 ptena
797 1348 812 1386 :
842 1332 916 1387 ibi
941 1332 1046 1388 erit
1067 1331 1223 1388 ﬂetus
1249 1332 1548 1395 oculorum,
1581 1339 1637 1386 et
1663 1331 1788 1386 stri-

1881 519 1957 572 ait
1995 535 2009 571 :
2050 517 2248 572 Vermis
2268 534 2441 572 eorum
2482 536 2583 572 non
2613 521 2876 586 morietur,
2905 531 2955 574 et
2991 523 3127 592 ignis
3154 538 3328 575 eorum
3354 541 3456 579 non

1881 612 2244 681 exstinguetur
2267 609 2459 681 (Marc.
2492 610 2587 681 ix).
2622 622 2646 649 ⁸
2677 610 2784 666 Nos
2812 622 2989 666 autem
3013 657 3028 679 ,
3071 613 3261 669 fratres
3287 615 3455 670 dilec-

1884 700 2094 766 tissimi,
2124 700 2393 754 credimus
2420 700 2476 754 in
2500 701 2717 755 nomine
2735 700 2969 770 Domini,
3000 705 3145 773 quod
3169 722 3277 761 non
3306 716 3455 761 tran-

1884 792 2070 847 sitorie
2104 792 2333 847 audiatis
2359 794 2521 848 verba
2544 802 2746 862 nostra,
2778 795 2885 850 imo
2914 796 3109 864 divina,
3141 800 3285 867 quia,
3316 802 3458 869 quod

1882 882 2037 937 vobis
2068 882 2325 950 dicimus,
2358 898 2424 937 ex
2454 884 2652 940 sanctis
2691 892 2746 939 et
2774 886 2966 942 divinis
2995 888 3223 956 eloquiis
3250 899 3454 945 mutua-

1886 990 2023 1028 mur.
2053 974 2342 1042 Speramus
2381 977 2435 1029 in
2476 976 2702 1031 Domino
2740 977 2883 1046 quod
2907 978 3111 1033 facietis
3139 981 3317 1035 omnia
3340 998 3459 1051 qum

1890 1062 2230 1131 promisistis,
2264 1063 2289 1100 ιι
2313 1063 2599 1133 adjuvante
2624 1080 2720 1120 vos
2749 1066 2803 1118 in
2838 1066 2966 1135 ipsis
2984 1068 3183 1123 sanctis
3210 1070 3462 1139 operibus

1888 1150 2101 1205 Domini
2139 1152 2313 1206 nostri
2340 1151 2468 1208 Jesu
2496 1154 2693 1209 Christi
2734 1155 2903 1222 gratia
2932 1173 2943 1207 ε
2977 1156 3061 1209 cui
3102 1165 3186 1211 est
3212 1159 3380 1225 gloria
3408 1169 3462 1213 et

1890 1242 2065 1297 honor
2092 1259 2216 1297 cum
2256 1243 2415 1297 Patre
2442 1253 2496 1297 et
2522 1243 2725 1313 Spiritu
2766 1253 2950 1301 sancto
2982 1247 3034 1300 in
3064 1249 3257 1302 saecula
3296 1264 3461 1303 scecu~

1889 1331 2080 1388 lorum.
2112 1334 2303 1389 Amen.
2332 1333 2582 1405 Explicit.

1340 1488 2037 1575 TRACTATUS
2111 1486 2277 1577 IV,’

1506 1624 1760 1678 CONTRA
1790 1626 2103 1680 PAGANOS.

284 1737 444 1806 721
470 1730 567 1787 Est
592 1729 923 1787 consuetudo
942 1728 1109 1785 servis
1133 1728 1229 1784 Dei
1254 1744 1412 1783 omne
1432 1743 1568 1798 opus
1589 1727 1789 1782 bonum
1819 1732 1869 1791 B
1895 1729 2029 1782 riam
2054 1728 2223 1793 dedit,
2248 1738 2305 1784 et
2330 1727 2497 1783 Colice
2517 1731 2803 1799 superbam
2830 1732 3057 1789 frontem
3084 1736 3221 1793 fastu
3249 1742 3471 1796 temeri-

217 1828 266 1881 in
293 1827 440 1881 dicto
463 1824 547 1879 vel
575 1824 629 1877 in
658 1821 820 1887 facto,
858 1821 912 1875 in
958 1819 1176 1874 nomine
1220 1818 1417 1874 Christi
1466 1832 1744 1873 assumere
1768 1857 1784 1884 ,

216 1919 355 1990 quod
384 1915 767 1989 perliciendum
793 1914 863 1968 sit
890 1912 956 1967 ad
984 1912 1211 1979 gloriam
1236 1911 1368 1977 Dei,
1419 1915 1675 1965 monente
1713 1908 1790 1961 ita

216 2008 473 2079 Apostolo
512 2012 570 2061 et
617 2004 829 2060 dicente
876 2021 889 2056 :
936 1999 1129 2056 Omnia
1164 2017 1478 2074 qumcunque
1524 2001 1696 2071 facitis
1734 2000 1791 2053 in

217 2100 347 2152 dicto
375 2096 452 2151 vel
478 2098 639 2167 facta,
668 2094 844 2148 omnia
869 2094 924 2145 in
954 2093 1159 2146 nomine
1184 2089 1376 2144 Christi
1399 2091 1552 2160 facile
1581 2088 1634 2159 (1
1665 2087 1786 2143 Cor.

216 2190 290 2259 χ).
323 2189 497 2243 llodie
520 2187 741 2256 juvante
778 2184 1007 2238 Domino
1054 2184 1105 2237 in
1154 2183 1319 2254 ipsius
1347 2182 1565 2236 nomine
1592 2180 1790 2235 Christi

216 2280 511 2335 Salvatoris
538 2278 711 2332 nostri
736 2283 923 2332 contra
948 2274 1193 2342 Paganos
1219 2273 1388 2328 aciem
1411 2271 1721 2325 instruimus
1736 2277 1792 2325 et

216 2369 457 2425 caelestia
485 2368 592 2422 tela
619 2373 915 2435 portamus,
940 2364 1187 2418 inimicos
1225 2361 1424 2415 Christi
1448 2360 1685 2416 veritatis
1708 2359 1792 2429 ja-

217 2462 352 2515 culis
372 2459 598 2521 ferituri,
628 2463 682 2509 et
709 2455 1007 2510 contrarios
1035 2455 1234 2517 hostes,
1257 2461 1313 2506 et
1339 2449 1572 2521 perﬁdiae
1594 2457 1788 2517 castra,

216 2558 271 2606 et
295 2564 659 2620 supervacuas
684 2554 859 2600 turres
885 2540 1077 2599 crebro
1104 2542 1271 2597 ariete
1297 2541 1424 2596 ﬁdei
1450 2541 1789 2612 prostraturi,

215 2647 507 2709 sequentes
533 2635 802 2691 Christum
843 2634 1055 2695 ducem,
1087 2632 1369 2686 Dominum
1406 2632 1615 2686 scilicet
1640 2629 1794 2685 Chri-

216 2739 385 2797 stum,
427 2728 519 2797 qui
564 2735 621 2781 et
654 2740 751 2796 per
776 2724 957 2779 Jesum
1007 2721 1172 2776 ﬁlium
1218 2721 1382 2787 Nave,
1427 2735 1793 2776 successorem

219 2820 416 2890 Moysi,
437 2817 651 2872 Iericho
674 2814 919 2885 superbae
953 2812 1184 2867 civitatis
1221 2826 1406 2865 muros
1433 2811 1714 2877 destruxit,
1740 2818 1796 2866 et

219 2926 315 2982 per
336 2909 615 2981 apostolos
642 2922 769 2963 suos
791 2904 951 2974 hujus
983 2902 1167 2957 mundi
1206 2902 1496 2957 elationem
1539 2900 1799 2955 extollen-

221 3012 329 3059 tem
380 3018 440 3057 se
488 3001 769 3055 adversum
808 2996 1087 3051 scientiam
1126 2993 1243 3061 Dei,
1276 3009 1447 3063 usque
1490 2993 1559 3048 ad
1606 2992 1796 3048 funda-

1897 1816 2022 1870 tatis
2048 1826 2303 1884 erectam,
2334 1819 2540 1886 potenti
2568 1820 2764 1874 virtute
2798 1822 3013 1890 deiecit.
3062 1824 3159 1881 llic
3188 1828 3329 1883 Deus
3367 1846 3457 1885 no-

1888 1912 2018 1969 ster,
2051 1906 2138 1960 hic
2164 1906 2410 1961 Christus
2436 1918 2538 1971 est,
2565 1908 2817 1964 Dominus
2858 1922 3125 1967 conterens
3150 1916 3306 1981 bella,
3353 1918 3461 1972 Do~

1888 1997 2061 2051 minus
2090 2014 2278 2051 nomen
2321 2008 2398 2052 est
2434 1999 2513 2051 illi
2553 1998 2773 2068 (Iudith.
2804 2004 2938 2071 xvi),
2983 2006 3074 2074 qui
3103 2023 3201 2075 pro
3229 2025 3326 2064 suo
3367 2026 3459 2065 no-

1891 2088 2034 2141 mine
2059 2087 2416 2155 pugnantibus
2444 2091 2606 2159 722
2634 2092 2802 2145 servis
2842 2094 2971 2157 suis,
3003 2103 3058 2148 et
3104 2098 3341 2165 praelium
3371 2116 3465 2169 pro
3564 2134 3567 2135 ν

1895 2178 2125 2232 veritate
2150 2179 2483 2232 sumentibus
2509 2195 2722 2249 semper
2748 2182 2964 2250 adjutor
3003 2199 3123 2240 esse
3169 2193 3465 2244 consuevit.

1891 2268 2055 2322 Aiunt
2074 2283 2203 2337 ergo
2232 2269 2424 2338 pagani
2468 2268 2580 2324 fato
2607 2272 2787 2326 omnia
2834 2272 2973 2341 ﬁeri,
3019 2284 3074 2330 et
3119 2277 3260 2333 circa
3301 2293 3468 2345 genus

1892 2359 2183 2419 humanum
2216 2366 2386 2413 totum
2420 2374 2541 2413 esse
2589 2359 2753 2414 ﬁxum
2797 2369 2853 2416 et
2894 2363 3168 2419 immobile
3213 2368 3469 2436 quidquid

1891 2448 2060 2501 fatum
2105 2448 2355 2502 habuerit
2378 2449 2459 2502 vel
2504 2449 2801 2516 decretum,
2830 2460 2888 2506 et
2927 2454 3059 2507 nihil
3098 2471 3305 2524 preces,
3339 2459 3471 2514 nihil

1893 2538 2167 2593 orationes
2197 2538 2392 2592 valere.
2425 2538 2626 2604 Quibus
2652 2541 2827 2608 primo
2854 2543 3091 2598 breviter
3116 2545 3361 2613 dicimus,
3374 2564 3470 2604 vc-

1893 2632 1973 2687 lut
1998 2648 2105 2688 uno
2127 2640 2307 2687 aratro
2336 2632 2477 2701 fidei,
2508 2644 2564 2689 et
2588 2649 2795 2691 securae
2819 2638 3059 2691 veritatis
3080 2647 3245 2695 totam
3272 2644 3471 2697 erroris

1895 2739 2081 2779 eorum
2102 2726 2302 2780 circum
2332 2725 2690 2781 abscindimus
2717 2735 2772 2783 et
2798 2729 3155 2786 subvertimus
3181 2733 3387 2786 silvam.
3411 2734 3469 2788 Si

1897 2814 2027 2869 nihil
2055 2829 2183 2883 ergo
2205 2830 2394 2884 preces
2419 2816 2507 2870 vel
2547 2819 2822 2873 orationes
2849 2819 3047 2884 valent,
3095 2837 3128 2876 ο
3171 2825 3382 2892 pagani,
3414 2836 3472 2880 et

1898 2912 2072 2959 totum
2106 2902 2270 2957 ﬁxum
2310 2912 2411 2971 est,
2443 2913 2503 2959 ut
2529 2906 2706 2961 dicitis
2730 2948 2744 2975 ,
2773 2908 2917 2976 quod
2942 2908 3109 2965 fatum
3153 2912 3358 2967 dederit
3385 2916 3471 2968 vel

1896 2994 2196 3061 decretum,
2220 3010 2318 3049 cur
2342 3009 2442 3050 vos
2484 2995 2616 3051 deos
2662 3004 2717 3051 et
2762 2997 2891 3053 deas
2927 3000 3138 3055 colitis?
3182 3000 3289 3056 Cur
3317 3003 3473 3063 idolis

222 3104 405 3151 menta
435 3092 647 3161 deiecit.
689 3088 801 3158 Age
829 3101 972 3141 nunc
997 3084 1428 3154 contemplemur
1460 3084 1592 3138 istos
1636 3097 1801 3152 paga-
1828 3084 1874 3147 C
1904 3084 2231 3139 immolatis?
2251 3084 2361 3138 Cur
2399 3101 2613 3153 preces,
2643 3094 2698 3140 et
2725 3088 2879 3143 thura
2909 3130 2925 3157 ,
2974 3097 3030 3144 et
3072 3091 3335 3158 victimas,
3376 3110 3473 3149 cur

224 3202 341 3249 nos,
377 3194 433 3239 et
479 3196 667 3238 eorum
709 3176 1033 3234 assertiones
1079 3175 1133 3229 in
1168 3173 1400 3229 medium
1443 3171 1797 3243 proferamus.

223 3279 393 3331 Aiunt
428 3274 618 3347 pagani
639 3274 747 3327 fato
769 3270 947 3327 omnia
977 3267 1112 3333 ﬁeri,
1144 3269 1159 3298 ¹
1191 3276 1245 3322 et
1273 3267 1405 3321 nihil
1432 3281 1634 3337 preces,
1666 3266 1801 3320 nihil

226 3369 505 3423 orationes
526 3367 733 3430 valere;
782 3372 837 3417 et
884 3361 1024 3415 idola
1071 3360 1138 3414 ad
1166 3359 1390 3414 deorum
1434 3359 1697 3413 honorem
1745 3367 1802 3414 et

222 3460 633 3517 similitudinem
679 3455 783 3511 coli
807 3493 821 3518 ,
875 3453 959 3509 vel
1014 3452 1262 3507 universa
1307 3450 1571 3505 elementa
1617 3449 1803 3505 dicunt

224 3552 395 3606 etiam
422 3550 553 3604 deos
597 3554 652 3601 et
688 3545 816 3600 deas
844 3556 980 3607 esse,
1010 3550 1063 3595 et
1101 3540 1343 3594 habitare
1381 3539 1435 3593 in
1463 3539 1632 3607 cmlis,
1662 3548 1717 3593 et
1746 3540 1798 3595 in

222 3640 415 3708 signis,
463 3647 518 3692 et
560 3637 613 3691 in
660 3634 849 3691 stellis.
880 3630 1139 3687 Videmus
1183 3629 1364 3699 igitur,
1396 3629 1624 3695 fratres,
1667 3630 1802 3685 istos

223 3744 470 3799 paganos
494 3735 550 3781 et
578 3725 874 3791 astrologos
897 3736 1023 3777 vere
1058 3718 1251 3784 fatuos,
1292 3728 1348 3774 et
1375 3727 1516 3773 astra
1543 3719 1656 3774 hmo
1680 3720 1799 3774 ina-

224 3821 387 3875 nibus
410 3819 530 3872 telis
557 3823 778 3880 armata,
809 3820 864 3868 et
894 3812 945 3866 in
976 3811 1079 3864 isto
1108 3809 1292 3879 ιιι-ωηο
1317 3809 1434 3863 sine
1462 3825 1614 3864 mora
1643 3824 1802 3866 casu-

223 3923 338 3963 ros.
398 3906 597 3960 Putant
634 3904 776 3959 enim
817 3917 875 3957 se
918 3898 1161 3969 superbis
1200 3906 1257 3952 et
1300 3899 1455 3953 elatis
1485 3901 1803 3967 arrogantia:

225 4013 338 4051 sua:
364 3997 531 4050 armis
555 3994 785 4058 indutos,
818 3994 838 4023 ³
868 3987 1259 4059 allophylorum
1280 3989 1458 4053 socios
1485 3990 1656 4045 aciem
1685 3991 1801 4058 Dei,

225 4098 282 4141 et
311 4086 667 4141 lsraeliticam
696 4084 946 4138 virtutem
977 4093 1138 4149 posse
1160 4078 1396 4144 turbare,
1415 4088 1471 4133 et
1494 4096 1601 4134 non
1619 4091 1810 4151 putant

228 4177 491 4231 Davidico
520 4174 696 4244 lapide
718 4188 776 4227 se
806 4170 960 4226 facile
980 4182 1138 4238 posse
1157 4178 1516 4237 prosternere.
1544 4170 1704 4241 Lapis
1722 4172 1811 4227 hic

226 4268 484 4322 Christus
503 4273 587 4321 est
616 4265 868 4318 Dominus
893 4267 1096 4322 noster,
1128 4259 1219 4331 qui
1245 4270 1300 4315 et
1328 4260 1425 4330 ipsi
1453 4261 1617 4316 David
1640 4263 1810 4318 victo-

301 4414 326 4437 ⁸·
365 4402 470 4454 Vos
492 4407 679 4459 autent,
697 4400 881 4469 fratres
904 4397 1241 4462 dilectissimi,
1259 4399 1510 4451 credimus
1532 4398 1583 4449 in
1606 4399 1811 4451 nomine

228 4473 469 4533 Domini,
502 4469 623 4540 quid
656 4468 757 4524 nan
789 4468 1103 4540 lransitorie,
1137 4477 1243 4540 etc.

301 4545 331 4581 ιτ
368 4541 481 4595 Deo
508 4536 785 4607 adjuvante
812 4552 899 4589 vos
926 4538 982 4589 in
1002 4539 1196 4590 sanctis
1224 4537 1480 4606 aperibus,
1507 4539 1669 4604 ipsius
1699 4536 1811 4591 Do-

1902 3178 2150 3231 universa
2185 3177 2327 3230 dona
2358 3178 2412 3230 in
2460 3179 2672 3246 templis
2717 3179 2967 3247 inferitis,
3000 3183 3045 3237 si
3096 3191 3266 3240 totum
3310 3186 3473 3241 ﬁxum

1901 3275 1983 3322 est
2031 3274 2085 3321 et
2122 3266 2414 3329 decretum,
2441 3274 2497 3320 et
2525 3267 2657 3321 nihil
2680 3270 2952 3338 precibus,
2992 3273 3123 3326 nihil
3152 3276 3473 3343 postulatio~~

1904 3358 2059 3412 nibus
2101 3356 2403 3425 indulgetur
2422 3357 2507 3412 vel
2554 3357 2905 3428 impetratur?
2950 3359 3059 3414 Cur
3096 3376 3226 3430 ergo
3267 3366 3474 3435 suppli-

1903 3450 2070 3504 catis?

1976 3539 2083 3594 Sed
2109 3540 2293 3595 dicunt
2325 3557 2336 3592 :
2361 3538 2606 3594 Facimus
2635 3540 2755 3606 ista,
2783 3555 2849 3594 ne
2876 3549 3128 3597 noceant.
3164 3541 3366 3608 Quibus
3391 3544 3474 3597 di-

1906 3631 2076 3686 cimus
2106 3649 2118 3683 :
2146 3629 2430 3696 Quomodo
2451 3636 2677 3699 posSunt
2716 3644 2934 3697 nocere,
2980 3632 3073 3700 qui
3105 3647 3211 3687 non
3251 3643 3478 3703 possunt

1906 3722 2195 3791 prmstare?
2226 3721 2245 3751 ³
2268 3718 2333 3772 Et
2362 3721 2485 3788 quia
2513 3734 2641 3774 vere
2684 3720 2814 3773 nihil
2844 3735 2944 3775 nec
2991 3735 3186 3776 nocere
3214 3738 3312 3777 nec
3337 3738 3477 3793 pne-

1905 3819 2052 3865 stare
2081 3818 2306 3879 possunt
2328 3849 2342 3877 ,
2373 3825 2567 3864 canum
2609 3809 2850 3864 custodia
2879 3809 3024 3864 circa
3052 3825 3147 3866 eos
3173 3810 3305 3867 deos
3347 3828 3481 3882 quos

1909 3903 2088 3958 dicitis
2126 3910 2336 3957 vestros
2356 3943 2372 3969 ,
2417 3908 2471 3954 et
2498 3899 2783 3954 custodum
2815 3900 3088 3968 vigilantia
3127 3910 3479 3957 contestatur.

1909 3993 2134 4059 Quando
2163 3992 2306 4047 enim
2342 4006 2438 4046 eos
2480 3991 2757 4045 inveniunt
2789 3988 2950 4057 fures,
3009 3991 3279 4061 abripiunt
3325 4002 3485 4061 atque

1911 4082 2217 4138 confractos
2250 4081 2573 4135 distrahunt.
2601 4079 2681 4134 Tu
2708 4078 2843 4133 dicis
2873 4078 2981 4133 fato
3008 4082 3188 4135 omnia
3224 4080 3365 4146 ﬁeri;
3393 4082 3486 4136 sed

1912 4188 2030 4241 quae
2060 4180 2118 4225 tu
2143 4171 2277 4225 dicis
2302 4172 2412 4223 fato
2443 4168 2583 4231 ﬁeri,
2618 4168 2802 4222 nescio
2829 4183 2935 4235 qua
2961 4170 3215 4237 opinione
3243 4172 3446 4227 incerta
3471 4190 3486 4231 ;

1914 4277 2015 4331 ego
2043 4260 2163 4315 dico
2188 4259 2461 4314 voluntate
2488 4256 2574 4311 vel
2603 4256 2866 4325 permissu
2893 4256 2986 4310 Dei
3033 4256 3176 4322 ﬁeri;
3204 4259 3329 4325 quia
3351 4259 3489 4314 Deus

1919 4398 2047 4450 mini
2087 4396 2249 4448 nostri
2288 4391 2411 4446 Jcsu
2436 4389 2627 4443 Christi
2667 4391 2857 4460 gratia,
2893 4392 2970 4444 cui
3012 4400 3058 4443 ct
3085 4391 3270 4461 gloria,
3313 4404 3362 4447 et
3394 4394 3487 4447 ho-

1920 4484 2035 4529 nor,
2078 4475 2182 4519 etc.

306 4662 323 4688 ι
380 4654 627 4729 Quatuor
648 4647 916 4729 “feruntur
986 4647 1322 4728 ethnicorum
1370 4648 1814 4729 philosophorum
1846 4651 1897 4710 D
1921 4661 2044 4729 gem
2062 4644 2190 4699 Saul
2218 4644 2415 4729 bellum
2439 4651 2737 4729 gesserunt.
2782 4641 2978 4729 lterum
3026 4642 3163 4697 idem
3194 4642 3332 4729 Mali.
3364 4644 3493 4724 allo-

222 4716 522 4780 sententize
549 4720 617 4772 de
646 4718 774 4772 fato.
806 4716 984 4771 Prima
1029 4717 1082 4769 in
1128 4727 1338 4783 natura,
1376 4716 1488 4787 qua
1525 4717 1703 4770 omnia
1731 4719 1814 4784 gi-

222 4800 497 4864 gnuntur,
528 4789 695 4843 fatum
720 4786 986 4868 agnoscit.
1021 4786 1309 4866 Secunda,
1332 4786 1431 4855 pro
1459 4786 1570 4840 fato
1598 4800 1813 4855 perma-

232 4871 467 4919 tuentem
497 4872 777 4913 causarum
818 4872 1011 4911 seriem
1046 4871 1348 4910 necessario
1379 4871 1635 4911 nexarum
1664 4870 1818 4909 usur-

234 4942 358 5004 pat.
384 4926 603 5004 A'fertia,
632 4926 807 5004 sidera
851 4925 957 5004 fata
979 4934 1158 5004 vocat.
1185 4925 1418 5004 Quarta,
1452 4927 1623 5004 ipsam
1652 4925 1818 5004 divini

224 4993 457 5059 consilii
487 4996 888 5053 exsecutionem
919 4997 1086 5048 fatum
1116 4995 1296 5049 habet.
1347 4993 1720 5062 Div.’August.
1748 4993 1817 5049 de

222 5075 357 5127 Civ.
394 5069 491 5125 Dei
537 5068 629 5123 lib.
660 5083 714 5127 v,
746 5081 868 5134 cap.
907 5066 941 5119 8
964 5104 979 5129 ,
1027 5064 1095 5134 de
1135 5063 1243 5119 fato
1288 5064 1469 5120 Stoica
1500 5066 1815 5134 opinionum

226 5147 499 5213 portenta
538 5132 845 5213 describens
890 5133 1291 5213 agit_._ld"ante
1334 5132 1817 5213 praestiterantnCi-

221 5202 399 5277 ἔδει-ο,
428 5208 634 5263 Seneca
665 5206 860 5277 aliique
896 5202 1068 5258 multi.
1114 5202 1455 5277 Unaquaeque
1491 5206 1644 5277 juxta
1698 5204 1819 5258 illos

223 5269 602 5353 philosophos
631 5269 1004 5353 necessitatem
1033 5269 1320 5353 quamdam
1352 5269 1403 5328 in
1435 5269 1751 5353 eventibus,
1767 5281 1821 5353 et

222 5343 674 5421 operationibus,
707 5346 820 5421 sive
846 5343 1093 5421 humanis
1113 5344 1319 5400 actibus
1344 5344 1824 5421 ponit._Vid._.inter

232 5414 466 5475 recent.
490 5416 762 5472 Moniliam
788 5416 838 5468 in
870 5415 1069 5468 eximio
1095 5430 1260 5483 opere
1292 5423 1479 5469 contra
1513 5414 1817 5468 Fatalistas.

306 5491 333 5521 ί
398 5487 501 5541 Pro
530 5486 870 5553 designandis
899 5485 1128 5540 inimicis
1150 5484 1273 5542 Dei.
1299 5499 1539 5553 paganos
1561 5492 1720 5537 vocat
1744 5483 1822 5535 al-

227 5558 524 5628 lophylos,
541 5552 1002 5628 quemadmodum
1032 5556 1098 5611 de
1121 5555 1204 5628 his
1223 5552 1551 5628 mentionem
1579 5553 1741 5628 habet
1768 5552 1823 5605 in

222 5622 407 5683 hom;
437 5627 501 5680 de
527 5622 945 5691 Quadragesima
984 5642 1105 5694 qua:
1129 5625 1316 5693 incipit
1343 5622 1715 5694 :ilntctlexisse
1738 5638 1823 5674 vos

219 5697 427 5752 credo.
473 5695 659 5767 Populi
686 5694 772 5748 isti
810 5696 862 5748 in
887 5693 1126 5751 exercitu
1154 5696 1296 5765 regis
1340 5693 1479 5749 Geth
1522 5701 1709 5748 contra
1748 5706 1827 5747 re-

1921 4712 2112 4785 phylos
2139 4721 2300 4785 vocat
2329 4712 2574 4785 inimicas
2593 4720 2838 4785 catervas
2862 4712 3214 4785 barbarorum
3233 4780 3244 4785 _
3260 4712 3493 4785 Taurino

1920 4780 2306 4843 minitantium,
2335 4781 2387 4849 in
2417 4780 2562 4834 hom.
2596 4780 2664 4834 de
2693 4780 2867 4849 Nativ.
2897 4780 3131 4849 Domini,
3160 4780 3313 4849 cujus
3330 4784 3493 4839 verba

1920 4853 2142 4908 initialia
2172 4858 2296 4904 sunt
2325 4867 2337 4901 :
2363 4848 2571 4902 Domini
2594 4849 2759 4902 nostri
2777 4847 2901 4901 Jesn
2924 4847 3135 4916 Christi,
3151 4847 3368 4970 [ratrcs,
3398 4870 3495 4905 na-

1923 4923 2169 4970 tivitatem
2185 4916 2616 4970 solemnissimain
2639 4919 2831 4970 honore
2851 4917 3017 4970 debito
3044 4922 3148 4970 cete
3184 4929 3374 4970 rantes-
3390 4932 3495 4970 etc-

1923 4923 2169 4977 tiritatem
2185 4916 2616 4974 solemnissimain
2639 4919 2831 4971 honore
2851 4917 3017 4971 debito
3044 4916 3375 4985 celebrantes,
3390 4932 3495 4976 etc.

1922 4994 2054 5048 Item
2076 4992 2129 5046 in
2160 4991 2305 5061 hom.
2333 4988 2526 5061 Epiph.
2552 5003 2677 5061 qua:
2706 4988 2890 5061 incipit
2918 4988 3044 5061 :_Ad
3062 4990 3376 5061 ueneranda,
3397 4994 3499 5061 fra-

1925 5073 2049 5127 tres,
2078 5064 2209 5133 {esta
2249 5058 2707 5133 dontittit‘d.})_€ll‘la
2731 5057 2905 5133 habet
2931 5057 3127 5133 Euseb.
3158 5057 3498 5133 Caesariensis

1924 5134 1978 5187 in
2001 5126 2134 5201 psal.
2151 5145 2365 5201 Lxx_xvt,
2390 5127 2603 5201 pa_g_.§zi
2615 5130 2637 5201 l_
2642 5170 2661 5201 ,_
2677 5135 2784 5183 tom
2794 5127 2843 5201 ._l
2868 5126 3184 5201 Collection.
3204 5138 3375 5201 veter.
3399 5130 3500 5183 Pa-

1925 5196 2063 5257 tru'm
2086 5201 2213 5256 edit.
2240 5196 2409 5253 Paris}
2440 5196 2594 5259 1706.
2618 5197 2750 5250 Nam
2771 5198 3070 5268 ancient);
3097 5199 3311 5253 eosdem
3334 5208 3499 5268 atque

1924 5272 2170 5327 ethnicos
2198 5284 2315 5323 esse
2358 5267 2753 5337 animadvertit.
2805 5265 3006 5337 Eodem
3058 5270 3331 5336 pertinent
3376 5265 3495 5337 qua:

1923 5342 2110 5399 scribit
2131 5340 2187 5396 S.
2213 5339 2444 5393 Hilarius
2485 5335 2836 5407 Pictaviensis
2866 5336 2934 5407 de
2953 5335 3237 5407 allophylis
3266 5339 3319 5392 in
3350 5335 3493 5392 Psal.

1926 5430 2033 5475 ιιι,
2066 5427 2214 5465 num.
2245 5408 2329 5473 η,
2374 5422 2494 5476 pag.
2537 5406 2663 5474 125,
2707 5414 2836 5461 tom.
2881 5406 2903 5458 l
2940 5422 3066 5476 opp.
3110 5407 3241 5461 edit.
3279 5408 3493 5460 Veneta:

1928 5482 2086 5536 1749.
2119 5480 2387 5533 Prmtereo
2414 5486 2657 5540 caeteros,
2684 5492 2751 5530 ne
2780 5477 2967 5544 longus
2993 5479 3113 5530 sim.

1999 5553 2019 5582 ³
2060 5549 2325 5604 Sanctitas
2355 5558 2525 5601 autent
2556 5556 2631 5599 est
2658 5547 2875 5600 scientia
2900 5547 3231 5601 colendorum
3264 5545 3493 5603 deorum,

1926 5640 2024 5691 quo
2054 5620 2381 5691 quamobrem
2412 5617 2609 5669 colendi
2645 5628 2761 5691 sunt
2804 5618 3204 5691 non__intc_llig_o_,
3228 5615 3384 5691 nullo
3408 5630 3495 5665 nec

1930 5684 2135 5755 accepto
2158 5692 2219 5743 ab
2249 5690 2331 5752 iis,
2361 5704 2451 5741 nec
2472 5697 2676 5754 sperato
2707 5686 2859 5741 bono.
2889 5685 3002 5743 Cic.
3033 5686 3099 5742 de
3117 5684 3298 5740 ’Divin.
3334 5684 3422 5738 lib.
3454 5698 3490 5734 ι.

2552 5764 2575 5787 ’ἢ
