4054 6194
581 343 686 399 785

1801 338 1856 394 S.
1896 337 2134 394 MAXIM!
2175 337 2614 398 TAURINENSIS

3717 327 3821 393 78b

584 455 744 510 Pater
763 456 934 511 omnia
958 454 1125 524 posuit
1165 453 1219 506 in
1254 469 1348 506 sua
1375 459 1624 522 potestate
1645 451 1662 522 (
1681 451 1791 504 Act.
1825 452 1900 520 ι),
1931 457 1986 504 et
2015 447 2142 504 nihil
2174 454 2224 512 Α
2249 452 2543 521 speciosior
2570 460 2680 518 est;
2713 453 2910 523 speciei
2955 452 3096 507 enim
3134 451 3358 507 Creator
3403 444 3586 506 omnia
3623 441 3822 507 consti—

581 547 643 603 ﬁt
662 547 804 618 quod
835 543 1101 601 Dominus
1130 545 1242 614 ipse
1270 545 1515 611 voluerit,
1543 542 1627 598 vel
1673 543 1787 596 ﬁeri
1826 555 1982 611 posse
2026 552 2150 610 per-

582 636 802 692 miserit.
828 631 921 690 Vis
942 634 1123 689 videre
1161 634 1452 705 prophetas
1497 639 1553 687 et
1596 629 1871 701 apostolos
1911 638 2144 692 nostros,

580 733 781 798 quanta
807 726 1093 791 faciebant,
1135 740 1241 780 non
1285 723 1380 778 fati
1407 725 1624 790 virtute,
1655 722 1749 777 sed
1775 721 1896 776 ﬁdei
1925 729 1982 776 et
2007 719 2154 789 adju-

583 819 723 873 torio
750 816 942 874 summi
971 816 1085 882 Dei,
1116 823 1172 870 et
1196 814 1377 869 divina
1405 813 1646 884 potentia
1672 811 1889 868 Christi.
1931 809 2071 865 Ecce
2095 816 2151 864 et

581 905 884 962 confractos
909 905 1281 972 restituebant,
1310 917 1446 972 quos
1473 901 1648 958 dicitis
1673 900 1783 956 fato
1809 899 2025 965 vexari;
2055 912 2152 967 pa-

579 997 714 1051 riter
740 1004 794 1050 et
813 994 1049 1049 inﬁrmos
1075 994 1355 1060 curabant,
1386 999 1627 1047 mortuos
1669 989 2016 1053 suscitabant,
2048 1000 2151 1042 ca:-

581 1101 677 1141 cos
722 1085 1096 1140 illuminabant
1147 1091 1202 1139 et
1227 1082 1447 1138 claudos
1490 1079 1796 1150 erigebant;
1838 1086 1894 1132 et
1940 1075 2074 1132 nihil
2117 1089 2150 1130 a

571 1177 691 1232 'fato
715 1177 988 1247 petebant,
1019 1176 1115 1231 sed
1141 1183 1336 1242 totum,
1363 1181 1424 1228 ut
1462 1173 1593 1238 dixi,
1638 1170 1950 1226 sinceritate
1986 1167 2149 1238 723

581 1267 703 1322 ﬁdei
724 1275 780 1322 et
804 1265 995 1321 divinis
1017 1265 1227 1335 opibus,
1245 1273 1299 1318 et
1317 1262 1748 1319 miserationibus
1767 1257 2148 1329 adimplebant.

580 1357 714 1412 Fato
741 1357 880 1412 dicis
905 1356 1084 1411 omnia
1128 1355 1278 1410 ﬁeri?
1314 1353 1423 1410 Sed
1466 1353 1660 1409 stultus
1691 1350 1852 1407 stulta
1893 1348 2146 1417 loquitur,

579 1460 636 1507 et
660 1466 755 1506 cor
773 1449 888 1518 ejus
911 1463 1050 1504 vana
1077 1446 1345 1516 intelligit,
1375 1453 1452 1514 et,
1474 1445 1613 1500 sicut
1633 1443 1722 1498 ille
1743 1442 1922 1499 aiebat
1948 1439 2153 1494 Tullius

579 1542 634 1595 in
663 1540 948 1595 Hortensio
972 1538 1155 1593 dicens
1179 1553 1191 1589 :
1214 1536 1340 1590 Avia
1361 1551 1475 1589 mea
1503 1533 1703 1587 dicebat
1731 1532 1826 1586 hoc
1843 1529 1979 1601 quod
1999 1528 2147 1594 dicis,

579 1632 689 1702 fato
718 1630 890 1684 omnia
919 1628 1062 1698 ﬁeri;
1093 1634 1257 1680 mater
1284 1633 1456 1679 autem
1474 1625 1657 1678 mulier
1677 1623 1883 1692 sapiens
1911 1636 2014 1673 non
2037 1618 2152 1672 exi-

575 1721 821 1774 stimavit.
863 1716 933 1770 Et
977 1731 1076 1771 nos
1102 1729 1384 1784 possumus
1430 1713 1610 1769 dicere
1656 1713 1710 1766 in
1735 1711 1982 1776 veritate,
2023 1708 2149 1778 quia

2251 544 2371 608 tui‘t,
2401 543 2564 614 724.
2612 551 2705 598 aut
2743 545 2788 598 si
2815 544 2870 598 in
2895 544 3094 598 virtute
3121 551 3176 596 et
3203 541 3456 612 operibus
3502 555 3694 596 eorum
3721 539 3818 594 mi-

2249 641 2454 697 rantur,
2484 633 2779 701 iute'lligant
2799 633 2866 688 ab
2901 633 3029 702 ipsis
3073 632 3327 701 quoniam
3348 631 3448 701 qui
3476 631 3592 686 haec
3620 631 3819 686 consti-

2249 723 2351 776 tuit
2377 719 2554 788 fortia,
2578 720 2766 776 fortior
2785 730 2866 776 est
2891 722 3012 777 illis.
3037 720 3104 775 Et
3131 715 3328 776 Paulus
3347 720 3625 790 apostolus
3646 719 3774 776 dicit
3799 737 3814 774 :

2252 810 2540 865 Invisibilia
2588 813 2726 866 enim
2765 811 2861 866 Dei
2899 828 2932 864 a
2976 821 3213 866 creatura
3255 813 3466 879 mundi,
3496 828 3588 882 per
3613 827 3677 864 ea
3715 827 3822 882 qua

2251 904 2392 973 facta
2412 911 2550 968 sunt,
2579 903 2836 956 intellecta
2863 903 3264 973 conspiciuntur,
3295 901 3604 973 semrn'terna
3631 916 3822 972 quoque

2249 992 2364 1062 ejus
2391 992 2551 1046 virtus
2571 1001 2720 1062 atque
2739 990 3013 1056 divinitas,
3045 999 3103 1044 ut
3137 990 3241 1044 sint
3269 990 3679 1055 inexcusabiles;
3705 992 3821 1061 quia

2249 1099 2366 1137 cum
2394 1084 2749 1154 cognovissent
2777 1080 2961 1149 Deum,
2986 1097 3091 1136 non
3115 1091 3173 1134 ut
3201 1081 3367 1135 Deum
3395 1082 3628 1135 venerati
3664 1092 3784 1136 sunt
3803 1121 3818 1146 ,

2249 1183 2340 1228 aut
2379 1175 2576 1246 gratias
2603 1183 2815 1245 egerunt
2835 1214 2851 1240 ,
2886 1173 2978 1228 sed
3006 1183 3320 1227 evanuerunt
3345 1175 3400 1228 in
3428 1175 3820 1244 cogitationibus

2248 1265 2374 1330 suis,
2395 1272 2444 1319 et
2471 1263 2797 1318 obscuratum
2824 1273 2900 1319 est
2933 1265 3182 1334 insipiens
3211 1279 3302 1318 cor
3325 1265 3532 1319 illorum
3553 1281 3571 1318 :
3598 1265 3819 1318 dicentes

2246 1355 2384 1409 enim
2410 1370 2464 1408 se
2489 1370 2600 1408 esse
2617 1356 2894 1425 sapientes,
2917 1353 3061 1408 stulti
3086 1355 3375 1424 facti'sunt.
3401 1352 3468 1406 Et
3493 1361 3818 1408 mutaverunt

2247 1445 2466 1516 gloriam
2490 1442 2896 1514 incorruptibilis
2932 1441 3032 1496 Dei
3059 1443 3114 1495 in
3157 1442 3437 1512 imaginem
3476 1441 3820 1511 corruptibilis

2247 1535 2468 1590 hominis
2492 1544 2541 1588 et
2581 1533 2859 1600 volucrum,
2896 1541 2944 1587 et
2972 1532 3389 1603 quadrupedum,
3423 1540 3472 1586 et
3509 1534 3819 1603 serpentium

2250 1625 2426 1697 (Rom.
2449 1628 2512 1696 1),
2542 1632 2648 1680 etc.
2678 1623 2820 1694 Ergo
2845 1632 2939 1678 aut
2966 1623 3162 1692 ignem,
3193 1625 3289 1693 ait,
3319 1632 3413 1679 aut
3439 1624 3709 1694 spiritum,
3729 1632 3820 1680 aut

2247 1717 2468 1771 citatum
2507 1729 2708 1780 aerem,
2749 1721 2844 1768 aut
2890 1727 3078 1784 gyrum
3123 1713 3427 1780 stellarum,
3467 1721 3563 1769 aut
3603 1715 3822 1770 nimiam

577 1811 698 1867 avia
746 1816 949 1871 nostra,
980 1807 1034 1861 id
1065 1814 1148 1861 est
1189 1819 1343 1860 error
1377 1803 1628 1872 antiquus
1667 1810 1722 1857 et
1765 1800 1979 1871 gentilis
2006 1799 2142 1854 stul-
2171 1796 2218 1859 Β
2244 1821 2458 1877 aquam,
2478 1813 2570 1860 aut
2595 1805 2890 1873 solem,aut
2915 1805 3257 1872 lunam,deos
3282 1812 3625 1874 putaverunt.
3639 1805 3821 1874 Ignem

569 1902 695 1957 titia
721 1901 826 1956 hoc
852 1899 1085 1953 dicebat.
1106 1896 1239 1950 Nam
1265 1903 1439 1951 mater
1481 1895 1673 1949 mulier
1710 1893 1947 1962 sapiens,
1977 1898 2152 1946 mater

575 1995 778 2050 scilicet
802 1990 1063 2058 Ecclesia,
1093 2003 1212 2060 quas
1240 2002 1338 2044 nos
1357 1986 1583 2056 spiritali
1611 1984 1794 2054 genuit
1819 1991 2153 2054 partu,nun-

563 2098 739 2152 quam
761 2083 865 2137 hoc
893 2080 1148 2136 arbitrata
1176 2086 1276 2145 est,
1308 2092 1428 2147 quae
1454 2077 1555 2132 scit
1580 2075 1774 2130 Filium
1813 2073 2089 2143 accepisse
2119 2085 2151 2125 a

573 2171 736 2227 Patre
772 2184 988 2226 omnem
1035 2174 1356 2239 potestatem
1395 2166 1450 2220 in
1477 2163 1616 2220 cmlo
1642 2172 1698 2219 et
1742 2163 1797 2217 in
1825 2167 1987 2218 terra.
2020 2159 2148 2214 Ideo

562 2265 630 2320 .in
676 2263 892 2320 nomine
953 2259 1069 2330 ejus
1115 2266 1291 2313 tantas
1330 2256 1557 2311 virtutes
1601 2253 1843 2310 fecerunt
1903 2247 2149 2319 discipuli

576 2355 762 2426 ipsius,
789 2352 882 2422 qui
909 2359 964 2406 et
983 2350 1195 2406 dicebat
1226 2365 1241 2403 :
1273 2345 1463 2412 Petite,
1503 2353 1558 2399 et
1583 2343 1876 2414 accipietis;
1897 2339 2108 2413 quwrite
2127 2377 2144 2405 ,

565 2454 626 2501 -et
651 2443 943 2506 invenietis;
973 2441 1204 2511 pulsate,
1235 2446 1286 2493 et
1313 2437 1572 2508 aperietur
1599 2433 1739 2488 vobis
1764 2431 1966 2503 (Joan.
1996 2445 2082 2485 xvi
2103 2428 2145 2496 ).

577 2533 774 2604 Utique
801 2531 1013 2602 quando
1041 2531 1146 2586 hoc
1171 2528 1386 2584 dicebat
1421 2525 1694 2582 erroribus
1717 2531 1774 2578 et
1811 2520 2148 2578 daemonibus

575 2624 901 2696 opponebat,
930 2621 1023 2691 qui
1052 2619 1162 2674 fata
1209 2617 1446 2686 ﬁngunt,
1477 2623 1532 2672 et
1579 2613 1711 2670 nihil
1757 2627 1945 2684 preces
1967 2612 2150 2668 valere

575 2713 924 2779 contendunt,
955 2727 1023 2767 ne
1051 2710 1193 2766 Deus
1220 2717 1459 2778 rogetur,
1491 2715 1545 2762 et
1565 2721 1753 2762 eorum
1772 2718 1939 2775 opera
1959 2702 2150 2760 dissol-

2247 1897 2434 1953 colunt
2458 1897 2742 1968 pagani,et
2761 1897 2920 1952 deum
2947 1896 3257 1965 dieunt,qui
3282 1909 3420 1964 aqua
3446 1897 3817 1964 restinguitur,

2245 1997 2340 2044 aut
2366 1996 2522 2044 terra:
2553 1989 2703 2058 jactu
2728 1988 3116 2059 comprimitur.
3145 1987 3326 2057 Ignem
3369 1987 3555 2044 colum
3581 1989 3777 2058 pagani
3801 2027 3820 2056 ,

2243 2081 2336 2151 qui
2374 2081 2501 2148 ligni
2537 2080 2774 2137 tomento
2823 2082 3074 2136 nutritur.
3117 2080 3300 2149 Ignem
3345 2081 3534 2136 colunt
3572 2081 3816 2151 pagani,

2244 2178 2448 2226 aeterno
2476 2171 2598 2241 igne
2624 2170 2817 2226 arsuri.
2841 2169 2949 2226 Sed
2970 2169 3109 2226 forte
3136 2170 3342 2240 fulgura
3371 2170 3586 2226 colunt:
3609 2177 3671 2225 ut
3691 2169 3822 2240 quid

2245 2260 2348 2316 ista
2393 2259 2609 2316 colunt?
2658 2274 2766 2316 non
2811 2261 2955 2316 enim
3000 2260 3267 2326 motibus,
3310 2259 3406 2316 sed
3447 2260 3676 2330 intperio
3721 2259 3822 2315 Dei

2246 2358 2492 2419 aguntur,
2522 2349 2658 2406 sicut
2685 2349 2770 2405 sol
2793 2357 2851 2405 et
2874 2349 3024 2418 luna,
3053 2349 3246 2420 pluvia:
3276 2364 3429 2418 teque
3455 2357 3513 2405 et
3537 2349 3820 2406 stellarum

2246 2456 2451 2507 cursus,
2474 2448 2758 2496 ventorum
2784 2448 2962 2496 motus
2989 2448 3045 2496 et
3089 2440 3312 2496 nubium
3339 2441 3612 2496 transitus.
3641 2439 3820 2510 Spiri-

2247 2539 2362 2587 tum
2383 2545 2511 2600 ergo
2539 2531 2679 2586 aeris
2699 2537 2754 2586 et
2776 2538 3060 2586 ventorum
3088 2538 3430 2586 venerantur.
3459 2528 3566 2587 Sed
3597 2530 3699 2586 ista
3726 2545 3823 2600 re-_

2245 2639 2366 2678 rum
2404 2623 2631 2678 Domino
2671 2621 3016 2689 famulantur,
3049 2623 3187 2678 sicut
3225 2623 3482 2694 scriptum
3531 2631 3630 2691 est,
3666 2609 3838 2692 ﬂabit

2246 2713 2458 2784 spiritus
2489 2713 2620 2784 ejus,
2652 2721 2702 2767 et
2735 2714 2899 2783 fluent
2926 2727 3074 2784 aqua:
3101 2711 3272 2784 (Psal.
3315 2713 3535 2782 cum).
3610 2752 3624 2768 .
3699 2752 3719 2768 .
3803 2752 3824 2769 .

577 2814 788 2862 vantur.
818 2803 944 2858 Ideo
987 2800 1218 2872 populos
1267 2798 1525 2854 Dominus
1561 2795 1630 2851 ad
1675 2810 1734 2851 se
1775 2794 2042 2859 trahebat,
2090 2800 2144 2847 ut

577 2895 710 2950 ﬁdes
734 2894 791 2948 in
817 2893 989 2948 Deum
1035 2890 1324 2960 plurimum
1368 2896 1572 2956 posset,
1602 2893 1658 2940 et
1703 2900 1812 2939 non
1855 2882 2150 2938 difﬁdentia

565 2981 910 3053 rprzcvaleret.
941 2978 1074 3034 Fato
1095 2977 1249 3042 dicis,
1278 2974 1579 3044 impudens,
1605 2972 1784 3028 omnia
1812 2970 1964 3026 ﬁeri?
1985 2969 2150 3025 Addis

562 3082 634 3132 et
682 3073 813 3128 nihil
857 3085 1044 3143 preces
1063 3111 1080 3138 ,
1121 3067 1256 3124 nihil
1305 3067 1577 3123 orationes
1617 3064 1833 3120 valere?
1878 3062 2148 3129 Quantum

2245 2895 2401 2966 ignis,
2430 2893 2648 2965 grando,
2678 2895 2789 2960 nix,
2817 2896 3026 2966 glacies,
3066 2896 3276 2966 spiritus
3314 2895 3670 2970 procellarum,
3697 2912 3829 2969 qua

2248 2987 2451 3058 faciunt
2474 2987 2675 3041 verbum
2701 2987 2813 3057 ejus
2861 2986 3047 3059 (Ibid).
3089 2985 3291 3058 Cyrum
3330 2987 3597 3044 stellarum
3624 2988 3828 3044 colunt

2249 3078 2444 3147 pagani
2463 3076 2531 3133 ab
2550 3077 2754 3133 artiﬁce
2782 3077 2894 3133 Deo
2920 3078 3235 3148 perfectum,
3259 3079 3328 3134 ad
3353 3079 3533 3134 mundi
3559 3088 3830 3137 ornatum

579 3176 708 3220 vero
755 3175 945 3232 preces
983 3159 1070 3215 νει
1110 3157 1383 3214 orationes
1427 3153 1662 3211 ﬁdelium
1708 3153 1953 3221 valeant,
1994 3166 2147 3208 sacra
2172 3145 2218 3209 Ο
2251 3145 2618 3224 δίεξειιίωὶῃθιο
2663 3167 2860 3224 decore
2907 3145 3287 3239 (gompositum,
3337 3169 3538 3240 Aquam
3581 3169 3786 3225 colunt
3807 3213 3829 3240 ν

565 3253 818 3311 omnium
855 3251 1158 3307 divinorum
1178 3247 1509 3304 voluminum
1537 3253 1883 3301 monumenta
1913 3243 2146 3313 loquun-

577 3352 685 3413 tur,
714 3351 770 3398 et
795 3341 1102 3398 volentibus
1146 3354 1372 3395 noscere
1417 3337 1586 3393 facilis
1635 3335 1809 3392 aditus
1835 3335 2148 3391 conceditur

576 3433 646 3490 ad
682 3433 930 3490 salutem.
975 3430 1115 3500 Ergo
1149 3445 1258 3486 non
1294 3429 1406 3485 tato
1450 3426 1738 3498 quidquam
1783 3426 2002 3497 geritur,
2051 3425 2148 3482 sed

571 3525 757 3582 omnia
790 3522 1010 3579 factoris
1037 3521 1222 3577 mundi
1250 3519 1591 3592 providentia
1617 3517 2001 3587 gubernantur.

643 3617 776 3672 Nam
805 3616 872 3672 de
901 3615 1079 3682 idolis,
1109 3615 1196 3670 vel
1223 3613 1290 3669 de
1317 3612 1615 3677 elementis,
1640 3625 1759 3680 qua:
1783 3609 1977 3680 pagani
2001 3608 2145 3665 testi—

555 3715 724 3764 ~mant
749 3707 899 3775 deos,
931 3706 1111 3762 audite
1136 3705 1392 3772 breviter,
1423 3704 1614 3758 fratres
1630 3744 1646 3770 ,
1673 3703 1888 3758 beatum
1913 3703 2146 3772 prophe-

573 3811 684 3856 tam
711 3807 951 3855 nostrum
980 3811 1216 3868 paganos
1243 3797 1375 3850 istos
1419 3794 1748 3849 deridentem
1781 3793 1850 3848 de
1890 3806 2145 3862 superva-

573 3890 690 3945 cuis
718 3903 925 3952 eorum,
956 3894 1012 3940 et
1038 3885 1306 3940 dicentem
1335 3901 1349 3936 :
1376 3883 1529 3937 Idola
1549 3885 1774 3954 gentium
1801 3892 2066 3954 argentum
2093 3890 2144 3937 et

554 3994 755 4032 aurum
779 4017 796 4043 ,
838 3991 966 4047 opus
1002 3989 1248 4027 manuum
1289 3973 1593 4027 hominum:
1622 3988 1681 4026 os
1704 3971 1909 4037 habent,
1957 3981 2008 4027 et
2039 3988 2143 4027 non

553 4069 876 4138 loquuntur;
921 4064 1094 4120 oculos
1145 4062 1364 4131 habent,
1395 4071 1443 4118 et
1473 4075 1576 4116 non
1623 4061 2002 4128 vident;aures
2049 4064 2144 4116 ha-

571 4157 708 4223 bent,
738 4164 786 4210 et
814 4171 917 4210 non
941 4153 1156 4208 audiunt
1175 4151 1348 4222 (Psal.
1370 4153 1607 4222 cxxxrv),
1630 4159 1687 4207 et
1711 4159 1903 4207 caetera
1929 4167 2048 4221 qua:
2068 4152 2140 4208 ibi

554 4255 886 4317 sequuntur.
924 4246 1200 4314 Interrogo
1246 4253 1323 4313 te,
1371 4258 1595 4314 pagane,
1620 4244 1667 4299 si
1695 4244 1826 4299 velis
1854 4245 1978 4299 talis
2021 4258 2140 4299 esse

570 4339 756 4410 quales
793 4339 869 4394 illi
895 4353 1032 4408 quos
1077 4336 1230 4404 colis,
1268 4337 1386 4392 sine
1421 4335 1619 4402 anima,
1644 4337 1761 4391 sine
1805 4351 1981 4402 sensu,
2023 4335 2140 4390 sine

571 4440 742 4498 motu,
774 4431 891 4487 sine
930 4431 1110 4499 aliquo
1137 4429 1285 4483 vitali
1314 4427 1607 4482 intellectu.
1657 4427 1771 4482 Hoc
1798 4440 1925 4494 ergo
1971 4426 2137 4482 male-

2248 3269 2367 3326 quae
2392 3255 2459 3310 ad
2486 3271 2639 3311 usum
2668 3271 2776 3311 non
2795 3256 2966 3312 solum
2994 3257 3289 3324 hominum,
3320 3258 3416 3313 sed
3441 3265 3498 3314 et
3531 3273 3830 3328 pecorum,

2248 3352 2304 3400 et
2329 3353 2642 3400 ceterarum
2687 3361 2868 3401 rerum
2914 3345 3160 3415 largitate
3201 3346 3471 3403 Creatoris
3501 3347 3829 3406 effunditur.

2248 3433 2429 3491 Solem
2458 3443 2512 3491 et
2539 3436 2718 3491 lunam
2761 3437 2976 3502 colunt,
3008 3452 3131 3493 cum
3160 3438 3434 3493 videamus
3462 3446 3516 3494 et
3547 3439 3834 3498 orientem

2246 3531 2303 3578 et
2327 3524 2659 3580 occidentem
2706 3526 2873 3581 solem
2918 3527 2996 3582 sic
3043 3542 3260 3583 currere
3290 3536 3348 3582 ut
3384 3529 3436 3584 ei
3463 3529 3832 3587 constitutum

2247 3623 2351 3671 est.
2392 3613 2543 3670 Unde
2586 3615 2901 3684 intelligitur
2945 3617 3212 3673 neminem
3251 3633 3412 3688 posse
3455 3617 3836 3676 indesinenter

2245 3718 2482 3770 currere,
2507 3713 2564 3760 et
2592 3705 2812 3762 servitio
2833 3721 2931 3762 suo
2955 3706 3216 3772 insistere,
3231 3708 3333 3762 nisi
3354 3708 3446 3776 qui
3469 3707 3561 3762 sub
3579 3707 3838 3766 Domino

2244 3796 2332 3862 sit,
2363 3804 2419 3851 et
2442 3797 2533 3867 qui
2562 3797 2756 3853 habeat
2781 3798 3152 3868 imperantem.
3176 3797 3308 3852 Nam
3346 3813 3517 3868 neque
3541 3798 3667 3853 luna
3692 3815 3836 3857 cre-

2243 3893 2482 3941 mentum
2523 3887 2607 3942 vel
2643 3887 3026 3943 detrimentum
3063 3895 3360 3958 pateretur,
3405 3888 3506 3944 nisi
3531 3887 3841 3948 voluntate

2243 3985 2299 4032 et
2325 3975 2548 4031 arbitrio
2575 3975 2913 4041 Conditoris;
2945 3984 3001 4032 et
3027 3977 3108 4032 sol
3133 3978 3178 4034 si
3221 3977 3277 4032 in
3304 3992 3400 4033 sua
3420 3984 3694 4050 potestate
3749 3996 3840 4036 es-

2246 4072 2367 4134 set,
2397 4053 2659 4137 perpetua
2692 4066 2812 4123 luce
2840 4065 3067 4138 fulgeret
3140 4107 3156 4122 .
3233 4108 3248 4122 .

2238 4336 2503 4401 famulari,
2529 4344 2585 4392 et
2610 4337 2790 4394 stellas
2819 4354 2972 4394 suum
3001 4339 3242 4395 ordinem
3267 4340 3450 4410 sequi;
3476 4354 3619 4394 mare
3639 4343 3843 4400 etiam

2239 4427 2349 4483 suis
2378 4428 2569 4484 ﬁnibus
2597 4429 2880 4484 contineri.
2911 4428 2979 4485 Et
3007 4429 3126 4486 ideo
3165 4430 3364 4485 clamat
3400 4429 3662 4500 propheta
3699 4449 3848 4489 san-

568 4521 767 4578 dictum
795 4527 981 4591 putas;
1007 4518 1193 4574 desine
1239 4518 1399 4586 igitur
1423 4517 1559 4573 tales
1599 4517 1776 4573 colere
1828 4532 2054 4586 quorum
2082 4525 2136 4573 te
2163 4507 2215 4569 D
2237 4518 2524 4585 ctissimus,
2542 4520 2723 4577 dicens
2749 4521 2815 4576 ad
2835 4520 3120 4577 Dominum
3142 4523 3307 4577 Deum
3331 4531 3568 4579 nostrum
3593 4539 3607 4574 :
3633 4522 3848 4587 Quam

568 4611 862 4669 similitudo
883 4609 1154 4675 sollicitat,
1182 4616 1239 4664 et
1273 4623 1502 4677 quorum
1547 4607 1722 4663 cultus
1767 4615 1820 4662 te
1865 4609 2134 4664 honestat.

566 4706 674 4762 Sed
695 4703 876 4760 dicunt
892 4701 1084 4774 pagani
1110 4718 1122 4754 :
1147 4699 1254 4755 Nos
1273 4699 1442 4754 solem
1463 4706 1518 4753 et
1537 4698 1837 4767 lunam,vel
1857 4699 2057 4765 stellas,
2082 4708 2138 4755 et

565 4798 816 4852 universa
863 4794 1129 4850 elementa
1168 4790 1394 4847 colimus
1441 4797 1496 4845 et
1541 4804 1888 4856 veneramur;
1942 4790 2136 4860 quibus

565 4887 757 4940 iterum
799 4883 992 4938 dicitur
1041 4897 1056 4934 :
1116 4880 1252 4936 Vani
1297 4887 1465 4933 autem
1513 4889 1631 4933 sunt
1685 4896 1860 4934 omnes
1907 4880 2135 4934 homines

563 4977 742 5046 quibus
770 4992 875 5030 non
904 4973 1073 5028 subest
1101 4972 1315 5027 scientia
1342 4969 1462 5037 Dei,
1500 4979 1547 5024 et
1577 4971 1640 5023 de
1668 4971 1746 5023 his
1771 4987 1882 5040 quw
1904 4971 2136 5025 videntur

565 5066 718 5130 bona,
740 5084 842 5120 non
883 5072 1153 5137 potuerunt
1194 5062 1477 5131 intelligere
1501 5077 1620 5114 eum
1646 5063 1729 5130 qui
1757 5071 1865 5125 est;
1895 5078 1986 5115 nec
2013 5076 2134 5131 ope-

564 5155 703 5208 ribus
749 5155 1081 5218 attendentes,
1125 5158 1435 5224 agnoverunt
1462 5150 1574 5220 quis
1619 5158 1750 5204 esset
1777 5152 2002 5220 artifex;
2044 5150 2134 5203 sed

564 5253 652 5298 aut
678 5245 862 5314 ignem,
889 5253 976 5295 aut
1002 5245 1256 5313 spiritum,
1282 5249 1369 5294 aut
1395 5241 1605 5294 citatum
1623 5255 1814 5307 aerem,
1836 5249 1924 5293 aut
1949 5257 2129 5312 gyrum

564 5335 846 5398 stellarum,
871 5342 959 5386 aut
987 5336 1198 5387 nimiam
1233 5347 1440 5400 aquam,
1471 5340 1559 5384 aut
1597 5330 1776 5399 solem,
1807 5340 1895 5384 aut
1927 5331 2125 5399 lunam,

567 5427 582 5456 ¹
613 5433 734 5479 deos
755 5432 1056 5495 putaverunt
1079 5423 1232 5493 (Sap.
1264 5420 1408 5490 xui);
1434 5436 1661 5490 quorum
1689 5421 1735 5475 si
1760 5430 1981 5491 propter
2005 5437 2128 5492 spe-

559 5515 699 5574 ciem
727 5517 831 5571 hoc
855 5514 1248 5569 aestimaverunt
1267 5553 1282 5578 ,
1307 5512 1478 5566 sciant
1513 5520 1714 5581 quanto
1745 5511 1830 5566 his
1873 5511 2130 5570 Dominus

633 5695 647 5724 ¹
691 5691 913 5762 Vulgata
941 5686 1104 5744 addit.
1137 5695 1354 5739 rectores
1385 5685 1523 5740 orbis
1553 5696 1804 5742 terrarum
1835 5690 1979 5756 deos,
2001 5698 2106 5749 etC.

2235 4609 2570 4680 magniﬁcam
2610 4621 2731 4665 sunt
2753 4628 2911 4682 Opera
2951 4620 3071 4680 tua,
3121 4611 3374 4668 Domine!
3417 4613 3590 4667 omnia
3616 4613 3697 4666 in‘
3737 4633 3848 4671 sa-

2235 4702 2431 4769 pientia
2469 4703 2668 4773 fecisti;
2707 4705 2903 4774 repleta
2936 4713 3012 4759 est
3069 4712 3207 4759 terra
3251 4713 3488 4758 creatura
3521 4713 3631 4757 tua.
3701 4707 3848 4765 Hoc

2231 4807 2380 4876 \mare
2422 4807 2665 4863 magnum
2709 4801 2759 4847 et
2801 4796 3084 4862 spatiosum
3107 4836 3123 4863 ,
3152 4794 3257 4848 illic
3285 4795 3508 4864 repentia
3529 4833 3546 4860 ,
3587 4809 3850 4863 quorum

2237 4897 2341 4937 non
2367 4892 2443 4936 est
2471 4899 2740 4953 numerus,
2763 4887 3011 4940 animalia
3032 4886 3222 4956 pusilla
3241 4895 3290 4940 et
3309 4898 3497 4957 magna
3517 4884 3713 4956 (Psal.
3747 4893 3844 4960 ι).
3903 4889 3923 4905 ⁴

2237 4971 2396 5042 725
2418 4971 2515 5028 Hie
2541 4981 2624 5028 est
2647 4974 2906 5030 Dominus
2934 4975 3076 5031 Deus
3104 4983 3308 5042 noster,
3348 4977 3416 5030 de
3440 4991 3543 5044 quo
3582 4978 3851 5044 quidam

2233 5070 2539 5118 sanctorum
2569 5064 2784 5120 dicebat
2815 5084 2826 5120 :
2855 5066 2956 5133 Qui
2981 5067 3174 5123 omium
3203 5068 3312 5122 alla
3339 5067 3672 5122 sublimitate
3706 5087 3849 5130 sus-

2243 5151 2449 5221 pendit,
2479 5162 2690 5209 terrena
2726 5153 2936 5225 deiecta
2964 5157 3107 5212 mole
3135 5157 3399 5222 solidavit,
3431 5157 3597 5210 maria
3623 5161 3852 5218 soluto

2235 5245 2440 5314 liquore
2464 5242 2706 5312 diffudit,
2738 5253 2793 5300 et
2822 5246 2937 5300 haee
2964 5246 3144 5300 omnia
3188 5247 3422 5316 propriis
3447 5254 3500 5299 et
3521 5247 3856 5318 condignis

2233 5335 2602 5391 instrumentis
2628 5335 2787 5406 plena
2814 5343 2870 5391 et
2909 5346 3099 5392 ornata
3124 5337 3362 5405 digessit.
3394 5334 3527 5391 Cum
3569 5350 3729 5406 ergo
3761 5343 3858 5398 vi.

2233 5427 2379 5484 deris
