4054 6194
224 341 331 402 785

227 640 418 698 Colunt
441 637 617 694 adhuc
660 638 857 709 pagani
888 646 1123 707 montes,
1154 646 1212 693 et
1238 638 1492 707 arbores,
1524 648 1580 695 ct
1606 638 1800 705 fontes,

228 739 280 788 et
312 728 553 799 flumina,
577 728 670 783 ubi
697 736 753 783 et
778 729 966 795 boves,
998 736 1053 783 et
1072 743 1222 793 oves,
1253 737 1309 784 et
1333 729 1595 784 universa:
1620 729 1804 785 bestiae

227 828 532 895 pascuntur,
561 828 617 875 et
644 819 940 885 ambulant,
973 826 1137 889 atque
1164 820 1433 874 labantur.
1462 820 1595 875 Nam
1638 821 1805 876 simu-

231 915 366 970 lacra
389 919 447 968 et
474 910 617 966 idola
663 925 851 965 eorum
880 910 1042 980 digno
1071 911 1278 965 honore
1305 911 1374 965 ab
1399 911 1612 965 araneis
1651 910 1806 965 obte-

229 1012 437 1074 guntur,
462 1009 519 1057 et
544 1015 577 1054 a
598 999 757 1055 tineis
779 1000 863 1054 vel
881 1000 1154 1056 vermibus
1173 999 1533 1069 perferantur,
1550 1007 1605 1056 et
1632 1015 1663 1054 a
1683 1016 1803 1054 mu-

230 1092 373 1147 ribus
417 1089 751 1155 babitantur,
781 1096 837 1143 et
865 1102 896 1142 a
925 1088 1125 1144 muscis
1171 1090 1587 1156 conculcantur;
1618 1104 1718 1145 nec
1746 1104 1806 1144 se

230 1185 294 1239 ab
337 1184 459 1252 igne
483 1182 573 1237 vel
601 1197 632 1236 a
661 1180 839 1251 pluvia
868 1179 1183 1247 defendunt,
1215 1196 1316 1236 nec
1338 1197 1369 1235 a
1395 1182 1807 1237 latronibus-vel

230 1275 428 1331 furibus
453 1272 743 1329 vindicant.
773 1272 843 1326 Et
863 1271 985 1327 ideo
1013 1272 1071 1327 S.
1098 1272 1398 1344 Cyprianus
1423 1268 1489 1327 ad
1509 1273 1807 1328 Demetria-

232 1382 356 1423 num
377 1380 642 1436 paganum
664 1365 804 1420 bene
823 1363 1036 1419 dicebat
1059 1381 1071 1417 :
1099 1363 1303 1419 Pudeat
1325 1373 1372 1418 te
1390 1380 1478 1419 eos
1493 1365 1661 1419 colere
1679 1380 1805 1436 quos

230 1461 334 1523 ipse
364 1456 632 1530 defendis;
661 1456 853 1527 pudeat
882 1465 928 1509 te
952 1455 1017 1509 de
1043 1456 1116 1509 eis
1146 1455 1400 1510 auxilium
1445 1470 1654 1525 sperare
1681 1471 1808 1526 quos

231 1552 404 1606 tueris.
431 1550 535 1603 Aut
560 1547 689 1617 quid
717 1546 860 1601 enim
881 1553 1138 1615 praestare
1165 1545 1464 1602 colentibus
1483 1559 1541 1600 se
1560 1552 1804 1615 possent,

232 1641 317 1712 qui
346 1656 408 1695 se
431 1639 499 1695 de
522 1654 629 1693 non
651 1638 950 1694 colentibus
969 1637 1243 1691 vindicare
1264 1652 1376 1691 non
1396 1644 1649 1706 possunt;
1672 1637 1810 1692 sicut

232 1730 379 1786 enim
408 1728 475 1783 ad
496 1743 593 1783 eos
618 1742 727 1781 non
750 1726 985 1795 pertinet
1012 1740 1121 1795 quo
1148 1725 1429 1793 coluntur;
1457 1724 1535 1780 sic
1561 1740 1669 1779 non
1692 1739 1811 1779 sen-

3367 340 3476 400 786

1906 546 2081 604 insula
2133 549 2297 604 habet
2342 549 2667 619 sepulcrum.
2711 589 2725 603 .
2773 589 2789 604 .
2828 550 3115 621 despectus
3138 554 3302 623 jacet.
3344 596 3360 612 .
3407 598 3420 610 .
3464 596 3478 611 .
3518 546 3528 603 ῗ

1905 638 2050 694 unde
2092 636 2345 709 Virgilius
2391 639 2563 694 dixit:
2592 655 2703 696 cre.
2749 681 2762 695 .
2807 681 2821 695 .
2865 681 2879 695 .
2925 683 2939 696 .
2984 684 2997 696 .
3030 645 3198 698 medio
3217 646 3360 714 jacet
3401 647 3487 701 in-

1907 730 2041 783 sula.
2086 765 2155 784 ,τ
2200 770 2214 784 .
2259 770 2274 784 .
2317 770 2332 783 .
2376 768 2389 782 .
2435 769 2448 782 .
2495 771 2508 784 .
2553 771 2566 784 .
2613 771 2627 785 .
2671 771 2687 786 .
2731 732 2798 786 de
2826 733 3157 789 criminibus.
3201 776 3214 789 .
3260 777 3274 790 .
3317 776 3330 789 .
3363 736 3487 793 bre-

1221 339 1629 397 TRACTATUS
1664 340 1750 396 IV.
1793 340 2067 399 CONTRA
2104 343 2437 402 PAGANOS.

1906 819 2046 874 viter
2066 828 2458 875 commemorat
2484 820 2666 875 dicens
2696 839 2707 874 :
2729 821 2749 853 ³
2771 821 3014 895 Iovisque
3033 833 3082 878 et
3100 841 3270 894 soror,
3293 836 3342 880 et
3361 843 3488 882 con-

1898 911 2019 981 jux,
2049 920 2099 965 et
2123 913 2282 982 rapti,
2302 912 2503 981 inquit,
2537 911 2853 983 Ganymedis
2883 915 3121 971 honores.
3158 915 3294 971 Vide
3324 932 3489 987 quam

1904 1001 2249 1057 exsecrabilis
2275 1002 2555 1058 habendus
2599 1003 2687 1069 sit,
2721 1004 2832 1059 imo
2851 1006 3032 1074 potius
3059 1020 3221 1074 quam
3248 1006 3488 1065 detesta-

1905 1091 2032 1148 bilis
2070 1092 2172 1148 iste
2200 1093 2428 1164 Jupiter,
2458 1094 2549 1163 qui
2578 1109 2822 1150 sororem
2861 1096 3094 1151 voluerit
3122 1098 3321 1153 habere
3346 1115 3487 1153 uxo-

1908 1198 2044 1249 rem,
2089 1190 2148 1239 ut
2176 1183 2242 1240 de
2270 1185 2480 1240 caneris
2523 1184 2638 1253 ejus
2666 1185 2980 1241 criminibus
3007 1195 3301 1243 taceamus.
3346 1189 3488 1245 Proh

1906 1273 2088 1329 dolor!
2130 1289 2250 1343 qua:
2278 1274 2419 1329 inter
2445 1274 2692 1329 homines
2730 1280 2945 1330 sanctos
2982 1276 3250 1330 habentur
3277 1278 3490 1346 pietatis

1906 1365 2146 1432 nomina,
2171 1365 2317 1420 inter
2340 1364 2472 1420 deos
2491 1379 2828 1434 paganorum
2855 1364 2997 1421 facta
3023 1373 3150 1421 sunt
3171 1365 3312 1422 fmda
3332 1366 3491 1421 sacri-

1906 1456 2067 1527 legia.
2093 1456 2228 1511 Nam
2255 1456 2324 1513 de
2370 1456 2540 1513 Marte
2563 1457 2696 1527 quid
2731 1457 2930 1526 dicam,
2963 1459 3059 1528 qui
3088 1459 3232 1529 apud
3260 1458 3492 1514 Thraces

1908 1556 3485 1609 natus............._...

232 1795 1928 1888 tiuntquolaeduntur.Seddicuntpagani:Nosdeosco-B.
2022 1856 2037 1871 .
2123 1856 2137 1872 .
2231 1855 2245 1871 .
2338 1856 2355 1874 .
2434 1857 2450 1872 .
2531 1857 2546 1874 .
2625 1860 2640 1875 .
2718 1860 2733 1876 .
2812 1860 2828 1876 .
2907 1860 2923 1876 .
3001 1861 3015 1877 .
3096 1862 3111 1877 .
3190 1862 3206 1877 .
3286 1862 3301 1875 .
3378 1863 3393 1878 .
3475 1863 3490 1877 .

232 1908 411 1977 limus,
439 1909 526 1964 vel
551 1907 679 1963 deas
704 1921 823 1976 qua:
864 1906 916 1960 in
959 1905 1097 1961 cmlo
1141 1905 1422 1960 habentur.
1453 1903 1656 1971 Quibus
1679 1904 1813 1959 dici-

234 2017 352 2056 mus
379 2018 395 2054 :
418 2000 477 2056 Si
497 1998 630 2054 deos
657 1998 779 2053 illos
804 1996 983 2053 dicitis
1009 1996 1097 2051 vel
1125 1995 1304 2050 colitis
1340 2010 1477 2064 quos
1524 1994 1578 2049 in
1622 1994 1814 2049 vestris

234 2092 387 2147 libris
411 2090 657 2145 audimus
676 2089 927 2156 recitare,
950 2088 1001 2143 id
1021 2096 1108 2143 est
1130 2085 1661 2153 Saturnum,Jovem,
1684 2085 1817 2141 Mer-

234 2181 462 2249 curium,
477 2180 721 2245 Martem,
741 2179 1065 2249 Apollinem,
1081 2176 1400 2242 Vulcanum,
1438 2175 1813 2246 {Esculapium

235 2282 566 2341 ceterosque
618 2272 961 2337 innumeros;
1012 2279 1069 2325 et
1117 2270 1247 2326 deas
1300 2270 1482 2326 dicitis
1525 2269 1815 2338 Junonem,

235 2364 552 2430 Minervam,
574 2363 815 2428 Dianam,
841 2363 1116 2435 Cybelem,
1147 2362 1430 2429 Latonam,
1452 2364 1538 2418 vel
1564 2372 1813 2430 ceteras;

235 2470 369 2523 ergo
395 2455 442 2509 si
470 2470 659 2510 omnes
690 2455 811 2509 illos
838 2455 1015 2510 dicitis
1043 2455 1193 2520 deos,
1225 2471 1322 2510 cur
1341 2455 1549 2524 aliquos
1568 2455 1621 2509 in
1650 2454 1818 2510 stellis

238 2546 462 2615 ponitis,
476 2554 531 2601 et
550 2545 760 2615 aliquos
776 2562 882 2601 non
899 2546 1097 2615 ponitis
1109 2547 1131 2599 ?
1143 2546 1326 2603 Dicitis
1343 2546 1485 2601 enim
1505 2545 1814 2612 Saturnum,

236 2635 447 2705 Jovem,
477 2636 722 2701 Martem,
743 2639 828 2692 vel
852 2637 1177 2693 Mercurium
1198 2638 1252 2691 in
1278 2637 1417 2692 caelo
1443 2652 1581 2703 esse,
1601 2645 1658 2691 et
1675 2636 1819 2707 Nep-

236 2736 451 2796 tunum,
494 2729 818 2798 Apollinem,
849 2729 1166 2794 Vulcanum,
1200 2728 1568 2798 [Esculapium
1618 2736 1673 2783 et
1718 2742 1820 2783 cm-

239 2824 389 2871 teros
416 2832 522 2871 non
553 2816 747 2871 dicitis.
798 2816 880 2869 An
908 2816 1049 2871 forte
1074 2816 1163 2871 isti
1209 2816 1408 2887 aliquid
1438 2824 1818 2886 peccaverunt,

240 2916 296 2962 et
323 2908 405 2962 illi
441 2908 573 2962 nihil
601 2916 994 2977 peccaverunt,
1028 2908 1259 2978 ideoque
1287 2924 1547 2980 supernas
1572 2910 1822 2979 regiones

240 2998 480 3053 asseritis
506 2997 809 3068 possidere,
842 3014 963 3053 cum
994 2999 1165 3068 magis
1198 3008 1410 3055 constet
1434 3016 1640 3056 omnes.
1685 3041 1699 3055 .
1744 3042 1758 3055 .
1800 3039 1816 3054 .

240 3086 511 3154 homines,
541 3096 616 3143 et.
660 3127 675 3142 .
719 3129 733 3142 .
778 3129 792 3143 .
838 3127 852 3143 .
894 3130 911 3144 .
945 3090 1265 3145 hominibus.
1315 3090 1456 3146 Ecce
1495 3090 1819 3157 Saturnum,

242 3178 325 3233 vel
345 3175 569 3243 Jovem,
601 3177 825 3233 Martem
855 3179 1050 3246 etiam,
1083 3188 1138 3233 et
1184 3178 1525 3241 Mercurium,
1557 3187 1690 3243 etc.,
1722 3195 1823 3234 ne-
1850 3155 1897 3218 Ο

241 3266 401 3322 fanda
450 3266 690 3324 facinora
715 3268 1049 3323 commisisse
1096 3269 1314 3325 scimus.
1355 3267 1544 3323 Nonne
1573 3268 1824 3336 Virgilius

246 3358 265 3387 ¹
294 3366 478 3414 vester
520 3366 681 3428 poeta
716 3357 806 3413 ille
853 3359 1173 3429 praecipuus,
1202 3359 1355 3427 cujus
1382 3360 1619 3414 carmina
1638 3359 1826 3415 hodie-

240 3461 349 3517 que
373 3449 713 3503 veneramiui.
756 3448 836 3505 sic
863 3449 1062 3505 clamat
1089 3449 1157 3504 de
1183 3448 1416 3505 Saturno
1442 3449 1628 3506 dicens
1652 3467 1665 3503 :

368 3589 515 3654 Arma
540 3602 672 3652 Jovis
694 3602 910 3666 fugiens,
938 3610 991 3654 et
1021 3605 1189 3666 regnis
1211 3603 1353 3654 exsul
1377 3604 1641 3667 ademptis;

239 3729 389 3784 unde
416 3738 475 3784 et
515 3729 723 3785 Latium
764 3730 832 3786 de
872 3714 1076 3786 latebra
1120 3731 1237 3801 ejus
1265 3748 1462 3788 nomen
1505 3733 1735 3804 accepit,
1761 3749 1829 3791 eo

239 3820 391 3889 quod
420 3820 662 3876 latuisset
709 3828 854 3876 tutus
895 3822 949 3875 in
996 3822 1125 3889 oris,
1153 3822 1206 3876 id
1247 3831 1329 3878 est
1354 3823 1562 3893 fugiens
1588 3824 1642 3880 in
1668 3824 1831 3880 Italia:

239 3910 457 3968 ﬁnibus.
473 3913 743 3980 latuisset;
770 3921 826 3968 et
846 3913 1038 3968 iterum
1063 3914 1139 3968 ait
1164 3932 1177 3967 :
1218 3916 1381 3986 726

372 4106 423 4133 .__.
450 4106 464 4117 .
492 4101 517 4133 ι
534 4106 546 4116 .
569 4067 734 4117 Fauno
756 4069 904 4118 Picus
926 4077 1091 4131 pater;
1112 4071 1290 4133 hisque
1308 4076 1569 4133 parentem

368 4130 466 4191 Te,
488 4129 717 4192 Saturne,
738 4133 909 4192 refert,
928 4127 984 4181 tu
1005 4127 1255 4194 sanguinis
1272 4127 1471 4182 ultimus
1494 4139 1659 4184 auctor
1682 4127 1727 4183 ⁵.

238 4272 343 4331 Hic
365 4276 575 4331 litteras
603 4276 941 4345 imprimere,
971 4284 1028 4333 et
1064 4277 1276 4345 signare
1302 4292 1553 4333 nummos
1592 4278 1646 4332 in
1683 4277 1832 4333 Italia

237 4368 457 4437 primus
482 4366 741 4430 instituit;
774 4366 898 4421 inde
942 4366 1190 4421 mrarium
1235 4366 1454 4421 Saturni
1496 4376 1749 4433 vocatur;
1780 4376 1836 4423 et

234 4458 571 4513 rusticitatis
608 4458 697 4512 hic
725 4458 902 4513 cultor
929 4458 1048 4522 fuit,
1081 4457 1204 4513 inde
1231 4457 1422 4513 falcem
1450 4458 1631 4516 ferens
1658 4460 1833 4529 pingi-

1914 1906 2154 1976 infernis,
2204 1908 2320 1965 sed.
2363 1949 2379 1964 .
2424 1948 2438 1964 .
2482 1949 2498 1964 .
2542 1950 2558 1964 .
2601 1948 2616 1965 .
2647 1909 2845 1966 dicitur
2868 1911 3163 1982 possidere.
3215 1912 3354 1983 Ergo
3398 1914 3498 1967 iste

1867 2050 1872 2055 .
1914 1996 2090 2053 nullas
2116 1999 2364 2068 proprias
2393 1999 2559 2056 habet
2590 2000 2762 2066 sedes,
2787 2002 2880 2058 sed
2903 2010 2979 2056 ut.
3016 2042 3031 2057 .
3067 2042 3080 2056 .
3114 2041 3129 2057 .
3160 2010 3216 2058 et
3235 2003 3397 2057 miser
3420 2003 3499 2057 in-

1914 2088 2100 2156 certis,
2131 2096 2187 2143 et
2215 2088 2394 2145 nullis.
2429 2129 2444 2144 .
2481 2130 2494 2144 .
2531 2130 2545 2145 .
2581 2130 2596 2145 .
2628 2131 2640 2145 .
2676 2091 2891 2146 sedibus
2921 2092 3049 2147 fisus
3076 2106 3288 2161 semper
3316 2107 3404 2146 ex.
3433 2131 3446 2144 .
3481 2133 3493 2148 .

1915 2178 2037 2235 citis
2084 2177 2221 2234 filios
2251 2188 2307 2235 et
2351 2180 2487 2237 ﬁlias
2514 2182 2790 2249 genuisse,
2823 2182 2973 2250 quod
2997 2198 3105 2237 non
3154 2198 3219 2237 ex
3248 2183 3507 2250 legitimis

1917 2269 2137 2340 nuptiis,
2168 2270 2263 2324 sed
2307 2270 2374 2325 de
2404 2270 2648 2325 nefandis
2691 2271 2909 2327 incestis
2954 2280 3011 2326 et
3038 2272 3330 2337 adulteriis,
3362 2272 3501 2327 sicut

1918 2369 1975 2418 et
2003 2361 2240 2433 ipsi‘nati
2260 2368 2416 2428 sunt;
2449 2362 2625 2418 adhuc
2651 2370 2831 2418 autem
2860 2379 2967 2418 non
2992 2365 3307 2420 erubescitis
3334 2374 3389 2420 et
3410 2381 3501 2422 so-

1919 2450 2025 2505 lem
2068 2450 2252 2506 dicere
2297 2450 2460 2505 ﬁliam
2490 2451 2765 2518 habuisse,
2793 2460 2846 2507 et
2873 2453 3052 2508 lunam
3083 2469 3292 2510 amasse
3320 2454 3502 2527 Endy-

1920 2542 2176 2598 miouem.
2224 2540 2354 2608 Quis
2383 2542 2619 2597 ﬁdelium
2649 2543 2717 2597 ad
2746 2550 2950 2597 tantam
2978 2544 3242 2599 insaniam
3268 2557 3502 2600 vestram

1920 2648 2029 2689 non
2056 2634 2351 2689 irascatur?
2379 2634 2509 2700 Quis
2535 2649 2633 2690 vos
2652 2635 2706 2689 in
2728 2634 2923 2689 talibus
2954 2643 3357 2705 perseverantes
3396 2650 3503 2689 non

1922 2725 2066 2779 omni
2090 2740 2246 2793 paena
2273 2724 2463 2793 dignos
2491 2726 2799 2780 existimet?
2819 2727 2958 2781 sicut
2977 2735 3031 2780 et
3058 2725 3345 2779 Saturnum
3370 2724 3503 2779 dici-

1925 2815 1993 2870 tis
2020 2816 2187 2870 filium
2215 2816 2359 2880 coeli,
2389 2825 2445 2871 et
2471 2815 2659 2872 Jovem
2688 2817 2805 2887 ejus
2854 2817 3019 2871 filium
3068 2817 3260 2871 iterUm
3305 2817 3501 2883 dicitis,

1924 2906 2011 2962 vel
2036 2908 2217 2977 potius
2244 2909 2543 2963 mentimini
2563 2905 2859 2964 Minervain
2882 2926 2947 2963 ex
2968 2909 3144 2979 capite
3163 2909 3429 2976 genuisse.
3452 2949 3467 2964 .
3486 2948 3502 2964 .

1926 2996 2153 3065 femore,
2181 3006 2236 3054 et
2263 2999 2432 3054 inulta
2456 2999 2579 3053 alia.
2618 3040 2631 3053 .
2668 3040 2680 3053 .
2716 3040 2730 3053 .
2767 3041 2779 3055 .
2814 3042 2826 3054 .
2856 2999 2989 3054 Nam
3015 2999 3127 3054 deae
3150 3009 3360 3054 vestrm.
3396 3038 3409 3051 .
3441 3038 3455 3051 .
3488 3037 3503 3053 .

1927 3088 2167 3143 asseritis
2211 3089 2538 3153 veneranda,
2570 3090 2919 3146 obscenitatis
2947 3090 3077 3144 vitio
3128 3088 3506 3155 continentur;

1926 3195 1995 3233 ex
2021 3179 2217 3247 quibus
2243 3194 2404 3233 unam
2432 3180 2601 3234 solam
2630 3180 2897 3234 Venerem
2926 3179 3102 3234 dicitis
3123 3194 3240 3233 esse
3267 3179 3317 3231 in
3348 3178 3507 3245 coelo,

1926 3277 1984 3323 et
2016 3269 2070 3323 in
2100 3269 2261 3324 astris
2313 3269 2531 3339 ponitis.
2565 3268 2587 3300 ⁸
2614 3268 2726 3323 Cur
2752 3285 2861 3323 non
2910 3269 3228 3340 (interrogo)
3259 3278 3313 3324 et
3340 3268 3508 3323 Juno-

1926 3375 2073 3427 nem,
2104 3367 2161 3415 et
2186 3359 2498 3424 Minervam,
2529 3359 2617 3414 vel
2656 3359 2912 3424 Dianam,
2941 3358 3026 3414 vel
3069 3360 3508 3428 caeteras?727

1927 3451 2009 3504 An
2029 3451 2157 3519 quia
2177 3450 2443 3505 Venerem
2465 3448 2642 3504 dicitis
2662 3448 2980 3519 speciosam,
3003 3448 3125 3503 ideo
3147 3462 3266 3501 eam
3296 3448 3349 3500 in
3370 3447 3508 3501 malo

1928 3542 2173 3598 habitare
2212 3541 2545 3597 memoratis.
2580 3582 2595 3595 .
2627 3581 2642 3595 .
2678 3582 2694 3596 .
2728 3581 2743 3596 .
2775 3580 2788 3594 .
2819 3538 3080 3598 foeditatis
3108 3538 3336 3592 terrenis
3363 3536 3508 3591 sedi-

1928 3630 2030 3686 bus
2054 3630 2357 3701 deputatis?
2384 3630 2520 3697 Quid
2550 3631 2696 3684 illam
2722 3628 3237 3699 impudentissimam
3259 3625 3512 3680 feminam

1929 3724 2071 3778 inter
2088 3732 2171 3779 tot
2193 3724 2337 3778 viros
2355 3723 2528 3779 facitis
2548 3723 2602 3776 in
2624 3721 2782 3787 caalo,
2810 3719 2938 3789 quid
2957 3717 3343 3773 sibivindicat?
3365 3714 3512 3772 Uxor

1930 3822 2014 3871 est
2036 3813 2280 3883 alicujus,
2309 3829 2377 3868 an
2406 3823 2597 3878 mater,
2620 3827 2689 3866 an
2718 3826 2894 3877 soror,
2919 3825 2987 3864 an
3015 3808 3158 3863 ﬁlia?
3187 3806 3293 3861 Sed
3314 3806 3357 3861 si
3380 3804 3514 3860 nihil

1931 3909 2124 3965 horum
2164 3917 2265 3975 est,
2297 3916 2353 3962 et
2393 3914 2617 3977 propter
2657 3903 3110 3974 pulchritudinem
3155 3908 3361 3955 tantum
3393 3914 3515 3956 eam

1935 4002 2112 4058 dicitis
2139 4016 2255 4057 esse
2278 4001 2329 4054 in
2352 4000 2511 4065 coelo,
2533 4011 2653 4068 quae
2673 3998 2836 4052 fuerit
2855 3995 3162 4061 fornicaria,
3193 3992 3319 4048 vide
3353 4006 3516 4060 quam

1937 4090 2196 4145 nefarium
2226 4089 2294 4143 sit
2337 4088 2682 4143 criminosam
2711 4084 3164 4154 pulchritudinem
3192 4083 3372 4139 dicere
3400 4093 3519 4135 esse

1933 4179 1988 4233 in
2015 4179 2181 4243 cmlo,
2213 4185 2269 4231 et
2315 4176 2607 4229 Minervam
2651 4188 2761 4227 non
2796 4173 2991 4239 dicitis,
3033 4186 3193 4239 quam
3222 4171 3396 4223 dicitis
3424 4185 3518 4223 ca-

1933 4278 2070 4325 stam
2109 4277 2165 4324 et
2205 4266 2535 4336 sapientem?
2565 4262 2801 4333 Apparet
2832 4277 2928 4316 vos
2948 4260 3072 4329 quia
3100 4257 3344 4313 carnales
3389 4255 3518 4309 estis

1934 4360 2115 4431 potius
2166 4374 2327 4429 quam
2377 4355 2665 4427 spiritales.
2743 4392 2759 4408 .
2838 4391 2853 4405 .
2931 4390 2945 4405 .
3027 4389 3041 4403 .
3121 4388 3135 4401 .
3213 4387 3227 4401 .
3310 4386 3324 4400 .
3401 4384 3417 4399 .
3496 4382 3513 4398 .

236 4557 355 4603 tur.
387 4547 510 4615 llic,
538 4563 659 4603 cum
687 4564 891 4604 vesano
911 4547 1093 4603 furore
1114 4556 1413 4619 raperetur,
1439 4547 1577 4604 filios
1603 4524 1952 4606 devora-D.
2044 4586 2060 4600 .
2146 4583 2162 4598 .
2256 4582 2270 4597 .
2359 4581 2376 4596 .
2466 4580 2480 4594 .
2559 4579 2575 4594 .
2652 4577 2666 4591 .
2745 4576 2761 4590 .
2841 4576 2855 4590 .
2934 4572 2949 4587 .
3028 4572 3043 4588 .
3123 4571 3137 4586 .
3218 4570 3232 4585 .
3309 4567 3323 4582 .
3403 4567 3419 4582 .
3493 4562 3512 4581 .

231 4639 318 4693 vit
348 4654 511 4703 suos;
541 4639 633 4708 qui
674 4647 731 4695 et
760 4647 950 4709 operto
976 4639 1174 4709 capite,
1208 4654 1277 4694 ne
1324 4647 1727 4708 agnosceretur,
1751 4641 1830 4695 ef-

2368 4672 2381 4685 ο
2461 4669 2474 4683 ο
2556 4669 2572 4683 ο
2652 4667 2667 4681 ο
2747 4666 2762 4681 ο
2841 4665 2855 4679 ο
2934 4665 2949 4679 ο
3027 4660 3044 4677 ο
3123 4663 3137 4676 ι
3215 4661 3229 4674 ο
3309 4659 3323 4672 ι
3401 4655 3417 4671 ο
3496 4653 3513 4670 ο

232 4727 381 4796 lugit
430 4735 488 4782 et
514 4726 589 4781 ita
616 4727 670 4782 in
697 4727 932 4782 delubris
959 4728 1151 4782 vestris
1178 4726 1456 4783 formatur.
1510 4727 1696 4783 Jovem
1720 4729 1837 4798 ejus
1936 4762 1954 4779 .
2046 4764 2060 4777 .
2151 4762 2165 4776 .
2251 4761 2265 4774 .
2357 4761 2370 4775 .
2461 4758 2476 4772 .
2556 4760 2568 4772 .
2650 4757 2664 4770 .
2746 4756 2760 4769 .

232 4818 679 4874 filiumamatre
725 4817 1075 4873 subtractum.
1155 4856 1171 4872 .
1250 4856 1266 4872 .
1344 4858 1359 4872 .
1439 4856 1455 4872 .
1533 4857 1549 4873 .
1628 4858 1643 4871 .
1723 4857 1737 4871 .
1817 4857 1833 4873 .

329 5196 353 5230 ι
377 5195 576 5245 Primus
597 5194 660 5244 ab
677 5195 899 5244 mthereo
919 5194 1053 5243 venit
1084 5192 1321 5242 Saturnus
1344 5192 1568 5256 Olympo,

365 5258 520 5307 Arma
541 5256 678 5306 Jovis
702 5257 916 5318 fugiens,
939 5262 993 5318 et
1022 5259 1192 5316 regnis
1222 5255 1364 5303 exsul
1390 5255 1651 5318 ademptis,

366 5318 423 5379 Is
444 5329 603 5378 genus
625 5316 854 5379 indocile,
883 5330 939 5367 ac
960 5317 1243 5379 dispersum
1260 5318 1504 5365 montibus
1528 5316 1638 5379 altis

364 5377 672 5439 Composuit,
696 5377 943 5440 legesQue
963 5377 1115 5438 dedit,
1144 5377 1436 5439 Latiumque
1461 5378 1619 5427 vocari

369 5440 566 5504 Maluit,
584 5441 659 5490 his
678 5439 1160 5508 quoniam‘la‘tuisset
1180 5444 1314 5487 tutus
1338 5440 1525 5508 ingris.

748 5499 945 5550 Eneid.
970 5499 1052 5550 tib.
1080 5514 1180 5560 vm,
1204 5512 1330 5549 vers.
1352 5501 1461 5550 519.

313 5607 339 5639 ⁸
374 5604 525 5673 Virg.
555 5604 650 5660 lib.
678 5621 789 5669 Vill,
820 5618 959 5659 vers.
993 5602 1081 5656 47.

377 5716 421 5777 ᾖ
432 5714 516 5765 Ast
541 5728 654 5777 ego,
679 5728 788 5774 qua:
803 5715 962 5764 divum
985 5714 1159 5763 incedo
1183 5716 1376 5775 regina,
1404 5713 1634 5775 Jovisque

373 5775 596 5831 Etsoror
619 5788 670 5828 et
688 5778 887 5840 coniux,
911 5790 1005 5827 una
1022 5789 1131 5826 cum
1154 5786 1307 5840 gente
1331 5784 1400 5827 tot
1419 5787 1571 5826 annos

1937 4812 2253 4880 religionem
2278 4826 2369 4880 qu.
2406 4848 2419 4862 .
2454 4849 2467 4862 .
2504 4847 2517 4860 .
2550 4846 2562 4860 .
2602 4849 2614 4861 .
2650 4846 2663 4860 .
2697 4820 2725 4859 a
2756 4805 2909 4865 vobis
2937 4802 3144 4870 antiqui
3172 4800 3263 4855 lib.
3300 4839 3313 4851 .
3350 4837 3365 4852 .
3400 4836 3413 4851 .
3448 4836 3461 4852 .
3500 4836 3513 4851 .

1938 4905 2138 4960 lumina
2184 4917 2308 4958 cum
2350 4902 2442 4956 bu.
2477 4940 2490 4953 .
2527 4941 2541 4955 .
2576 4938 2590 4953 .
2626 4940 2639 4953 .
2672 4938 2686 4952 .
2723 4937 2736 4951 .
2773 4938 2786 4953 .
2822 4937 2835 4951 .
2872 4894 3095 4967 picturis
3150 4900 3206 4947 et
3253 4891 3417 4961 signis
3465 4898 3521 4944 et

1940 4997 2076 5053 insa.
2110 5035 2124 5049 .
2160 5035 2173 5049 .
2210 5034 2224 5048 .
2260 5034 2274 5048 .
2305 4993 2497 5049 vestris
2533 4991 2730 5046 talibus
2776 4983 3139 5045 delectamini.
3173 4984 3193 5015 ⁵
3220 4982 3329 5037 Cur
3357 4979 3519 5036 hodie

2064 5190 2198 5241 Bella
2224 5191 2373 5249 gero!
2398 5188 2457 5236 Et
2479 5189 2731 5249 quisquam
2758 5195 2944 5249 numen
2968 5182 3172 5249 Junonis
3192 5181 3367 5249 adoret

2067 5243 2336 5312 Praeterea,
2364 5258 2447 5299 aut
2466 5243 2672 5311 supplex
2695 5248 2794 5312 aris
2813 5248 3020 5312 imponat
3044 5243 3315 5312 honorent?

2690 5303 2888 5357 Aineid.
2914 5304 2995 5354 lib.
3017 5319 3051 5365 ι,
3076 5316 3200 5354 vers.
3228 5303 3306 5353 50.

2013 5415 2035 5447 ἰ
2068 5414 2145 5470 Ex
2194 5430 2301 5484 quo
2343 5412 2849 5484 originem__duca_nt
2877 5409 2992 5464 hazc
3036 5407 3265 5463 deorum
3306 5405 3525 5460 nomina

1942 5486 2141 5543 Cicero
2166 5480 2323 5539 tradit
2346 5480 2500 5539 libfn
2523 5483 2589 5535 de
2617 5481 2737 5534 Nat.
2766 5480 3008 5534 deorum.

2021 5559 2040 5587 δ
2070 5555 2149 5608 Ex
2196 5554 2399 5608 Grmcia
2431 5554 2481 5606 in
2512 5552 2712 5605 Italiam
2744 5548 2856 5603 ludi
2903 5548 3102 5603 scenici
3149 5546 3379 5615 primum
3394 5552 3522 5615 Atra-

1953 5627 2098 5679 ducti
2126 5633 2270 5679 sunt.
2296 5626 2351 5677 S.
2377 5623 2598 5690 August.
2623 5621 2689 5675 de
2718 5619 2877 5674 Civit.
2908 5619 3001 5673 Dei
3026 5619 3116 5671 lib.
3150 5613 3203 5679 Il,
3237 5630 3354 5690 cap.
3387 5613 3440 5673 8,
3468 5621 3522 5690 ut

1956 5696 2227 5748 Romanos
2266 5688 2492 5761 gentiles
2528 5692 2596 5745 de
2643 5706 2828 5745 eorum
2876 5690 3114 5761 cmcitate
3160 5688 3521 5761 convinceret,

1948 5765 2145 5831 probat
2191 5753 2339 5834 ipsos
2389 5779 2497 5819 non
2525 5774 2799 5818 sacrorum
2841 5759 3144 5823 sanctitate,
3174 5753 3268 5809 sed
3308 5762 3525 5806 suarum

3518 524 3528 552 ε
3544 514 3547 517 η
