4054 6194
544 423 644 485 τ-δι

1609 420 1668 478 S.
1706 419 1951 476 MAXIM!
1987 418 2288 475 EPISCOPI
2329 418 2777 501 TAUBINENSIS

3700 419 3796 477 Ἱΰὲ

546 539 654 594 buli
678 535 1024 610 subripientls
1057 532 1315 591 excludit.
1338 530 1508 587 'Unus
1548 530 1692 585 enim
1738 529 1986 600 idemque
2024 528 2119 583 Dei
2148 534 2192 589 Α
2223 537 2310 583 tus
2360 535 2628 597 aspectus.
2662 527 2860 584 Oculos
2897 541 3127 597 namque
3176 528 3479 599 accepimus
3520 538 3580 584 ut
3625 530 3796 591 Manen

545 630 710 687 Filius
739 637 943 684 naturae
970 636 1167 682 nostrae
1194 624 1452 679 Dominus
1478 632 1534 678 et
1569 622 1821 690 magister
1846 629 1931 676 est
1955 619 2120 689 casti-
2221 619 2436 689 corpori
2458 618 2746 689 pradicant,
2773 634 2882 673 non
2908 620 2969 673 ut
2993 619 3186 675 animae
3223 620 3454 675 inferant
3481 621 3794 678 caecitatem.

544 724 687 781 tatis.
718 722 788 777 Et
812 720 940 791 quid
969 720 1143 775 dicam
1171 715 1433 772 castitatis
1462 713 1732 782 magister,
1760 726 1887 768 cum
1914 711 2027 781 ipse
2051 710 2122 765 sit
2219 711 2382 781 εει
2407 709 2474 765 Et
2502 718 2625 780 post
2651 711 2832 765 omnia
2873 711 3131 766 ministris
3167 711 3299 766 lucis
3325 712 3670 769 tenebrarum
3693 729 3798 772 non

544 815 854 883 incorrupta
882 809 1162 882 pudicitia,
1191 808 1306 877 ipse
1331 805 1580 861 inviolata
1608 805 1678 859 sit
1704 803 1959 859 castitas?
1988 801 2122 857 Nam
2221 800 2420 856 debent
2463 816 2582 857 esse
2629 801 2886 866 leviores;
2917 803 2993 855 ait
3037 803 3177 857 enim
3214 801 3469 860 Dominus
3501 805 3577 859 ad
3608 820 3795 862 unum-

545 904 598 959 in
626 901 779 971 cujus
803 916 898 957 ore
921 900 1077 956 dolus
1107 913 1213 952 non
1241 904 1326 952 est
1350 903 1615 958 inventus,
1640 892 1790 960 cujus
1810 908 1904 948 cor
1922 899 1976 946 et
1993 905 2123 946 caro

543 994 949 1052 exsultaveruut
959 993 1012 1046 in
1023 991 1189 1046 Deum
1205 989 1403 1052 vivum,
1418 1000 1486 1039 ne
1500 984 1552 1039 in
1564 984 1731 1051 oculis
1739 982 1952 1051 quidem
1967 980 2122 1035 vesti-

543 1087 690 1156 gium
705 1084 881 1155 potuit
894 1082 1094 1137 habere
1102 1078 1301 1135 delicti.
1317 1076 1479 1145 Ergo,
1494 1075 1703 1139 fratres,
1719 1072 1843 1141 quia
1859 1070 2120 1139 fragilita-

544 1185 656 1233 tem
670 1182 908 1230 nostram
930 1168 1244 1226 multimoda
1263 1174 1483 1237 peccata
1502 1169 1870 1232 corrumpunt,
1897 1168 2122 1215 nostra:-

542 1282 652 1340 que
661 1266 783 1321 vita:
796 1261 1130 1320 tremendum
1147 1259 1274 1314 illud
1280 1255 1541 1326 judicium
1553 1259 1903 1323 praeparatur,
1914 1249 2123 1305 cautius

544 1355 888 1427 aspiciamus,
916 1351 1154 1407 sanctius
1188 1347 1501 1414 cogitemus,
1543 1360 1611 1398 ne
1649 1341 1911 1411 subripiat
1948 1340 2124 1397 otioso

545 1444 692 1502 cordi
720 1453 907 1501 nostro
933 1436 1444 1516 circumvagantium
1473 1432 1734 1489 luminum
1761 1429 2126 1500 indisciplina-

2223 906 2490 959 quemque
2519 900 2758 947 nostrum
2785 909 2800 944 :
2832 892 2894 947 Si
2922 892 3089 947 lumen
3127 894 3262 964 quod
3295 896 3350 948 in
3390 904 3439 949 te
3476 904 3555 950 est
3585 894 3796 954 teneer

2225 990 2363 1044 sunt,
2393 981 2521 1051 ἔρδω
2543 982 2762 1037 tenebrat
2786 991 2991 1055 quanta:
3017 993 3164 1037 erunt
3187 982 3396 1054 (Matth.
3426 985 3533 1053 Vi)!
3565 984 3635 1039 Et
3663 986 3795 1052 ideo,

2225 1072 2505 1134 carissimi.
2546 1073 2739 1142 saepius
2778 1074 2934 1128 nobis
2980 1073 3255 1144 Scriptura
3292 1085 3477 1131 saneta
3503 1084 3591 1131 est
3617 1093 3796 1133 remn-

2227 1159 2411 1225 senda,
2452 1175 2553 1230 per
2592 1163 2756 1232 682
2781 1176 2942 1231 quam
2968 1164 3235 1233 possimus
3277 1165 3562 1220 honestate
3597 1167 3795 1230 doceri.

2226 1250 2466 1304 coerceri
2506 1251 2765 1317 avaritiis,
2812 1260 2866 1306 et
2909 1254 3232 1309 salutaribus
3274 1271 3413 1310 vera:
3444 1255 3566 1310 fidei
3613 1259 3799 1326 regulis

2228 1340 2445 1404 erudiri,
2470 1342 2612 1397 idem
2637 1344 2778 1399 sicut
2799 1344 2928 1400 dicit
2946 1346 3236 1416 Apostolus
3260 1365 3274 1400 :
3300 1347 3611 1404 Dilatamini
3630 1359 3677 1403 et
3696 1367 3798 1418 ros,

2228 1438 2277 1484 et
2303 1429 2463 1487 nolite
2479 1430 2662 1503 jugum
2692 1433 2876 1488 ducere
2902 1450 3018 1488 cum
3051 1436 3346 1507 inﬁdelibus
3374 1437 3424 1508 (Ι
3456 1438 3581 1494 Cor.
3605 1440 3698 1509 vl).

1933 1539 2200 1601 SERMO
2243 1540 2408 1603 CXI.

1772 1637 1967 1695 Contra
1996 1638 2234 1709 loquendi
2262 1641 2585 1701 pravitatem.

1985 1725 2374 1783 ADMONITIO.

616 1838 673 1894 ln
702 1836 891 1894 eodem
921 1832 1107 1890 codice
1134 1845 1208 1905 xu
1235 1825 1533 1905 gssinensi,
1575 1834 1697 1905 pag.
1727 1818 1854 1903 $51,
1882 1818 2839 1905 esstatbjctertius‘nigralis.sermo
2872 1828 3142 1896 expressis
3172 1829 3349 1905 verbis
3375 1844 3497 1905 cum
3536 1832 3591 1886 in
3635 1833 3799 1905 titulo,

549 1887 673 1965 tut-u-
691 1887 1208 1972 in'marginesancti
1247 1897 1463 1972 Maximi
1505 1887 1741 1972 episcopi
1783 1887 2333 1972 nomine‘insignilus.
2357 1887 2496 1972 δαμῇ
2523 1890 2739 1972 dubium
2765 1908 2884 1951 esse
2911 1887 3089 1972 potest
3116 1913 3199 1972 ex_
3210 1900 3396 1972 eodem
3425 1899 3595 1965 fonte,
3622 1910 3680 1955 ut
3701 1887 3802 1956 duo

549 1956 879 2048 superiores,
890 1956 1324 2048 prodiissemum
1354 1956 1556 2022 eadem"
1578 1961 1665 2017 hic
1687 1956 1899 2016 dicendi
1939 1957 2077 2012 ratio
2102 1956 2348 2026 idemque
2371 1957 2766 2029 Scripturarum
2801 1956 2927 2020 usus
2957 1966 3010 2019 in
3039 1983 3146 2036 quo
3166 1966 3222 2022 S.
3251 1967 3513 2025 Maximus
3542 1956 3801 2042 praecipue

557 2041 827 2109 ex'celluit,
856 2041 1176 2098 inveniatur.
1876 2116 1906 2120 _
1973 2113 2014 2120 __
2098 2114 2110 2120 _
2171 2118 2195 2120 _
2248 2094 2249 2097 η
2353 2115 2363 2120 _
3079 2117 3083 2120 λ

552 2135 921 2192 Aucuusnrou
969 2162 1042 2173 ——
1068 2127 1195 2182 Cum
1220 2126 1275 2179 in
1304 2120 1828 2200 superiori_concione
1962 2113 2135 2200 Maxi-
2166 2118 2211 2178 Β
2238 2115 2483 2187 sterium,
2513 2126 2570 2174 et
2597 2120 2772 2178 nullus
2799 2117 3126 2194 simplicibus
3152 2125 3282 2183 viris
3308 2127 3557 2184 tondetur
3590 2130 3802 2200 laqueus

620 2186 940 2285 Elaﬁum
967 2199 1034 2252 ad
1062 2196 1230 2285 ιρι-αἱς
1269 2186 2124 2285 sanctimonia-mndpertgifigentem

2232 2186 2580 2265 adulantium.
2606 2208 2759 2268 Tolle
2798 2186 2988 2282 angam
3015 2213 3232 2272 artificis
3264 2217 3541 2285 fabricam,
3570 2228 3626 2274 et
3652 2186 3801 2274 malis

921 2253 1207 2324 custodiam
1242 2264 1545 2317 adhortatus
1581 2259 1753 2331 fuerit,
1785 2256 1865 2332 llic
1892 2253 2130 2332 loquendi

620 2324 881 2400 licentiam
908 2336 1191 2407 redarguit,
1232 2333 1555 2403 corruptique
1581 2324 1844 2383 "sermonis
1883 2324 2127 2396 peSsimos

623 2414 834 2482 effectus
863 2410 1185 2478 manifestat.

621 2480 927 2568 congruum
972 2497 1129 2551 nobis
1176 2501 1261 2548 est
1309 2507 1375 2546 ac
1420 2488 1798 2551 necessarium,
1829 2483 2039 2548 fratres,
2065 2480 2132 2536 ad

553 2591 907 2651 eruditionem
937 2584 1444 2654 correptionemque
1471 2592 1808 2634 communem
1838 2572 2131 2644 apostolica

554 2681 758 2738 monita
800 2689 1106 2743 recensere,
1135 2680 1191 2729 et
1228 2671 1280 2727 in
1320 2670 1496 2725 verbis
1522 2666 1852 2737 simplicibus
1877 2663 2130 2718 salutaria

553 2770 805 2828 mandata
842 2765 1044 2831 rimari,
1084 2764 1223 2819 sicut
1258 2761 1516 2831 scriptum
1544 2764 1629 2813 est
1657 2775 1670 2811 :
1697 2756 1842 2810 Beati
1868 2755 1954 2827 qui
1986 2769 2132 2808 scru-

554 2869 731 2916 tantur
758 2856 1048 2914 testimonia
1092 2855 1222 2925 ejus,
1263 2853 1319 2906 in
1360 2859 1465 2905 toto
1513 2846 1664 2903 corde
1707 2845 1979 2916 exquirunt
2016 2859 2130 2896 eum

555 2949 729 3022 (Psal.
758 2947 929 3017 xvm).
963 2945 1052 2999 Ait
1077 2958 1205 3012 ergo
1244 2940 1659 3010 gloriosissimus
1685 2935 1878 2991 Paulus
1909 2954 1921 2988 :
1948 2932 2130 2989 Omnis

550 3052 718 3094 sentio
757 3034 921 3090 malus
948 3048 1013 3089 ea:
1051 3048 1139 3087 ore
1166 3041 1329 3086 vestro
1365 3046 1468 3084 non
1509 3027 1751 3101 procedat
1780 3025 1993 3098 (Ep/tes.
2032 3025 2125 3093 tv).

551 3127 724 3196 Quam
758 3126 979 3199 pulchre
1010 3137 1279 3194 quamque
1314 3118 1930 3190 magniﬁce‘cmlestium
1972 3116 2130 3171 disci-

551 3216 818 3291 plinarum
861 3213 1289 3287 Speciosissimus
1333 3210 1525 3267 doctor
1565 3208 1722 3265 unius
1769 3222 1909 3278 pene
1953 3207 2129 3282 rigore

551 3306 830 3363 sententia:
882 3302 1246 3360 ellrenationis
1293 3298 1586 3369 maliloquii
1635 3305 1690 3353 et
1735 3297 2127 3353 contumaciam

550 3397 743 3466 linguie
787 3394 1075 3467 petulantis
1119 3391 1395 3448 emendat!
1446 3388 1676 3462 PrOpter
1727 3387 1871 3459 quod
1921 3388 2129 3463 videte,

2232 2296 2304 2351 tia
2327 2298 2587 2354 scelerum
2615 2316 2780 2357 vacua
2806 2304 3103 2360 remanebit
3127 2315 3150 2342 ³·
3173 2308 3394 2361 avaritia
3421 2327 3434 2361 :
3465 2324 3635 2378 neque
3661 2312 3802 2366 enim

2230 2386 2367 2440 avidi
2396 2388 2573 2446 cordis
2612 2390 2778 2447 fames
2823 2393 3007 2462 insana
3044 2397 3302 2465 pascitur,
3330 2398 3435 2453 nisi
3479 2398 3533 2452 in
3568 2400 3800 2469 praedam

2230 2478 2490 2546 malignus
2535 2495 2712 2536 sermo
2750 2487 3091 2553 processerit.
3125 2484 3309 2542 Omnis
3337 2507 3503 2545 sermo
3538 2492 3705 2546 malus
3737 2509 3799 2546 ea

2229 2584 2320 2622 ore
2347 2580 2508 2625 vestro
2538 2588 2639 2626 non
2667 2575 2929 2644 procedat.
2962 2576 3132 2643 Quam
3175 2578 3334 2649 longe
3378 2597 3476 2636 nos
3511 2580 3623 2636 fieri
3652 2584 3800 2637 malis

2229 2658 2297 2712 ab
2332 2661 2584 2729 operibus
2623 2666 2892 2733 convenit,
2922 2668 3114 2736 quibus
3141 2668 3453 2738 delinquere
3480 2686 3577 2726 nec
3605 2672 3658 2726 in
3685 2688 3797 2727 ser-

2229 2759 2389 2802 mone
2434 2749 2788 2818 permittitur!
2823 2752 2910 2805 Ait
2936 2754 3077 2808 enim
3108 2756 3161 2810 in
3191 2759 3639 2827 consequentibus
3675 2761 3802 2815 bea-

2231 2837 2466 2892 tissimus
2491 2836 2689 2897 Paulus
2714 2859 2727 2894 :
2757 2841 3059 2899 Fornicatio
3087 2854 3135 2900 et
3159 2848 3484 2903 immunditia
3512 2868 3601 2904 nec
3630 2855 3805 2907 nanti-

2229 2936 2376 2980 nefur
2402 2923 2467 2982 ἐπ’
2490 2929 2651 2999 vobis,
2682 2938 2769 2985 aut
2809 2935 3192 3006 turpiloquium,
3227 2947 3319 2992 aut
3358 2942 3661 3009 scurrilitas,
3693 2960 3805 3015 qua

2229 3017 2298 3070 ad
2323 3035 2430 3072 rem
2458 3036 2562 3074 non
2584 3024 2804 3092 pertinet
2826 3024 3039 3096 (Ephes.
3069 3026 3165 3100 IV).
3193 3026 3398 3085 Idcirco
3418 3032 3669 3087 nimirum
3692 3033 3806 3090 huic

2227 3109 2406 3163 omnia
2434 3109 2574 3165 inter
2602 3111 2786 3169 ﬁdeles
2823 3115 3027 3171 inhibet
3066 3116 3354 3187 Apostolus
3390 3123 3706 3191 nuncupari,
3738 3139 3807 3180 ne

2227 3206 2321 3251 aut
2346 3199 2399 3253 in
2430 3214 2563 3270 opus
2591 3204 2880 3273 pessimum
2912 3206 3202 3277 maliloquii
3232 3210 3554 3267 consuetudo
3579 3210 3805 3268 demer-

2226 3298 2334 3357 gat,
2367 3300 2459 3345 aut
2487 3295 2716 3363 turpium
2765 3295 3095 3354 obscenitate
3140 3315 3447 3357 sermonum
3490 3303 3669 3358 dicata
3712 3305 3805 3360 Dci

2228 3377 2472 3435 laudibus
2498 3391 2804 3439 sanctorum
2846 3385 3023 3454 lingua
3067 3387 3360 3445 sordescat.
3394 3390 3519 3458 Quis
3543 3392 3695 3448 enim
3725 3391 3804 3448 fe~

548 3487 740 3543 fratres
773 3466 1052 3550 carissimi,
1099 3482 1544 3554 quemadmodum
1589 3480 1841 3549 magister
1882 3480 2118 3550 gentium
2147 3466 2194 3534 C
2224 3476 2309 3524 Pal
2338 3484 2404 3524 ex
2435 3486 2541 3527 uno
2570 3471 2866 3544 cedamque
2904 3491 2999 3531 ore
3025 3493 3167 3533 nunc
3193 3478 3371 3534 divina
3397 3479 3628 3551 eloquia,
3663 3499 3808 3537 nunc

549 3584 605 3633 ct
631 3577 911 3632 dominii-te
949 3577 1121 3631 vince
1160 3583 1376 3645 putator
1403 3575 1647 3642 egregius
1675 3587 1860 3627 arsura
1889 3569 2126 3625 omnium
2229 3561 2534 3619 dmmonum
2562 3566 2722 3621 verba
2752 3568 3001 3637 prodire?
3028 3568 3157 3638 Quis
3184 3568 3321 3627 ferat
3347 3587 3502 3627 unam
3529 3573 3806 3630 eamdem-

546 3676 816 3723 sarmenta
856 3667 1108 3721 vitiorum
1149 3664 1398 3735 praecepti
1442 3664 1524 3718 sui
1573 3663 1707 3719 falce
1748 3662 1988 3717 succidit.
2030 3659 2124 3714 Di-
2226 3666 2332 3722 que
2360 3654 2590 3726 linguam
2621 3656 2730 3713 Deo
2759 3660 2986 3728 psallere
3023 3671 3079 3717 et
3105 3671 3324 3719 cantare
3348 3665 3594 3720 diabolo?
3622 3665 3807 3737 Atque

547 3755 719 3813 cendo
748 3756 889 3810 enim
923 3771 937 3809 :
968 3753 1149 3809 Omnis
1187 3769 1355 3808 sermo
1393 3753 1558 3808 malus
1592 3771 1657 3807 ex
1697 3769 1784 3807 ore
1822 3760 1989 3807 vestro
2020 3768 2123 3807 non
2226 3756 2283 3799 ut
2303 3745 2949 3822 pleniusquzequantaque
2966 3753 3069 3808 sint
3088 3755 3302 3825 maligni
3323 3758 3578 3813 sermonis
3604 3760 3801 3816 incen-

546 3848 810 3921 procedat,
841 3848 1086 3901 universa
1127 3846 1279 3901 simul
1306 3846 1482 3901 cordis
1510 3854 1671 3913 atque
1699 3844 1810 3899 oris
1835 3843 2004 3898 nostri
2027 3858 2125 3898 no-
2226 3836 2331 3889 liva
2352 3836 2745 3909 dignoscanlus,
2775 3851 3079 3898 sanctarum
3098 3843 3491 3916 Scripturarum
3513 3848 3598 3903 vel
3630 3865 3807 3918 pauca

548 3936 635 3992 xia
673 3941 1022 4006 purgamenta
1059 3933 1309 4001 detergit.
1335 3933 1457 4002 Agit
1485 3934 1627 3987 enim
1657 3941 1714 3986 ut
1741 3933 1786 3987 si
1809 3932 2122 4003 cujusquam
2223 3943 2560 3987 recurramus
2587 3933 2852 4004 exempla.
2883 3933 3051 3991 Malus
3078 3938 3218 3991 enim
3248 3953 3423 3994 sermo
3458 3938 3590 4007 Magi
3621 3939 3806 3995 Simo-

545 4040 644 4083 cor
668 4024 866 4081 malitia
907 4022 1047 4080 forte
1085 4024 1280 4093 aliqua,
1306 4023 1518 4079 diabolo
1544 4024 1852 4095 inspirante,
1877 4025 2123 4095 pulsare.
2223 4020 2305 4075 nis
2345 4020 2413 4076 de
2461 4037 2556 4077 ore
2598 4026 2877 4093 processit,
2926 4042 3047 4081 cum
3095 4028 3276 4083 oblato
3321 4029 3572 4100 apostolis
3621 4033 3807 4101 pretio

546 4112 637 4182 rit,
668 4128 777 4170 non
805 4112 1040 4168 inveniat
1066 4113 1119 4168 in
1153 4129 1219 4169 eo
1257 4113 1519 4169 sermonis
1551 4115 1826 4184 operantis
1851 4112 2118 4170 ellcctum.

544 4201 733 4261 Omnia
779 4218 974 4274 nempe
1020 4204 1349 4259 occultarum
1392 4205 1777 4274 cogitationum
1819 4219 2041 4270 venena,
2074 4203 2120 4260 si

543 4312 651 4353 non
681 4296 1021 4368 proferantur
1045 4296 1099 4351 in
1128 4296 1309 4360 verba,
1334 4296 1476 4351 velut
1510 4294 1713 4352 defecta
1742 4296 1964 4364 viribus,
1990 4314 2121 4369 pro-

542 4389 689 4444 tinus
713 4396 1060 4444 evanescunt.
1091 4387 1167 4441 lta
1204 4389 1346 4443 enim
1375 4388 1443 4442 ad
1473 4389 1874 4459 exprimendum
1905 4392 2118 4460 maligni

541 4478 721 4535 cordis
758 4479 1090 4550 propositum
1116 4478 1183 4533 de
1210 4476 1395 4547 iniquo
1422 4479 1652 4548 quodam
1681 4496 1860 4535 sermo
1885 4483 2118 4553 prophe-

543 4569 681 4625 ticus
705 4574 1050 4638 protestatur,
1083 4566 1265 4622 dicens
1296 4585 1309 4620 :
1340 4566 1582 4639 Concepit
1614 4567 1862 4635 dolerent,
1885 4577 1934 4623 et
1961 4588 2119 4642 pepe-

540 4663 611 4717 rit
650 4660 972 4732 iniquitatem
1002 4656 1174 4730 (Psal.
1216 4658 1311 4731 vn)
1344 4676 1357 4713 :
1389 4657 1442 4713 id
1479 4667 1583 4728 est,
1622 4659 1786 4716 homo
1831 4659 2025 4731 impius
2062 4669 2119 4718 et

540 4751 769 4822 injustus
820 4748 1079 4806 malitiam
1122 4764 1308 4817 suam,
1354 4764 1512 4820 quam
1556 4748 1721 4805 corde
1764 4761 2114 4823 conceperat,

2220 4111 2514 4168 venundari
2560 4112 2660 4168 sibi
2708 4112 2800 4169 Dei
2847 4117 3073 4185 gratiam
3117 4119 3371 4187 postulat.
3412 4117 3575 4173 Malus
3616 4136 3809 4177 sermo

2221 4199 2485 4274 Egyptia:
2525 4204 2761 4258 mulieris
2789 4204 2856 4260 de
2882 4222 2977 4262 ore
3017 4210 3293 4277 processit,
3322 4224 3439 4280 qua:
3465 4218 3677 4264 castum
3703 4210 3805 4268 Jo-

2218 4292 2348 4361 Seph
2394 4292 2445 4346 in
2493 4293 2831 4349 concubitum
2869 4312 3023 4352 suum
3055 4297 3192 4367 turpi
3222 4297 3537 4353 allocutione
3560 4312 3806 4354 succen-

2220 4382 2399 4437 dcbat.
2432 4381 2601 4438 Malus
2646 4399 2824 4439 sermo
2868 4387 3164 4442 avarissimi
3209 4389 3352 4457 regis
3393 4388 3562 4444 Actias
3592 4390 3667 4445 de
3707 4406 3808 4447 ore

2218 4477 2497 4546 processit,
2525 4478 2686 4550 683
2724 4477 2815 4547 qui
2851 4475 3063 4534 ﬂamma
3102 4495 3315 4537 vesana:
3356 4481 3666 4552 cupiditatis
3706 4499 3809 4541 ac-

2216 4582 2409 4624 census
2434 4568 2728 4639 impudenti
2749 4569 2926 4639 lingua
2950 4571 3159 4627 vineam
3185 4572 3442 4644 poscebat
3463 4572 3728 4640 alienam,
3749 4583 3813 4632 et

2214 4673 2328 4713 rem
2373 4659 2475 4714 sibi
2519 4658 2826 4727 indebitam,
2857 4658 3072 4717 Iezabel
3116 4664 3302 4720 uxoris
3332 4679 3443 4719 sua:
3478 4663 3808 4735 maliloquio

2216 4749 2573 4820 ministrante,
2603 4751 2765 4807 occisi
2805 4753 3056 4823 pauperis
3101 4763 3276 4810 morte
3320 4755 3570 4825 possedit.
3623 4755 3811 4812 Malus

540 4842 695 4900 labiis
738 4841 1068 4914 parturierit.
1106 4837 1260 4896 Tolle
1305 4855 1493 4897 revera
1533 4839 1876 4910 malignitatis
1902 4822 2113 4914 partum
2138 4822 2192 4883 D
2215 4853 2394 4895 sermo
2421 4838 2691 4894 traditoris
2714 4837 2867 4895 Juda:
2893 4822 2962 4897 de
2988 4856 3084 4897 ore
3110 4822 3388 4912 processit,
3415 4857 3536 4900 cum
3553 4843 3811 4901 domini-

539 4928 822 4999 sermonis,
852 4939 908 4988 et
933 4942 1262 5001 quaecunque
1306 4929 1360 4984 in
1395 4926 1557 4985 corde
1592 4930 1822 4986 hominis
1854 4941 2114 5003 concepta
2215 4945 2337 4985 cum
2376 4929 2689 4999 sanguinem
2716 4927 3021 4986 Iudaeorum
3048 4931 3377 5003 principibus
3414 4933 3574 5004 impia
3620 4934 3810 4990 collo-

540 5017 700 5073 fuerit
727 5021 1003 5088 mmstitia,
1031 5020 1177 5092 velut
1204 5019 1504 5075 abortivum
1546 5018 1818 5088 quoddam
1860 5021 2114 5077 nascendi
2214 5018 2431 5076 cutione
2476 5019 2763 5075 vendebat.
2813 5020 3009 5077 Audite
3047 5021 3244 5091 adhuc,
3280 5022 3555 5088 carissimi,
3588 5033 3811 5093 quanta

539 5105 832 5164 eﬂicaciam
878 5126 985 5167 non
1031 5109 1269 5174 habebit,
1309 5111 1512 5180 duaque
1556 5124 1683 5163 mox
1726 5107 1864 5164 intra
1907 5110 2112 5166 viscera
2213 5112 2269 5167 in
2295 5102 2511 5165 homine
2538 5125 2636 5180 per
2660 5109 2843 5164 divina
2870 5109 3084 5181 eloquia
3111 5126 3221 5166 non
3255 5112 3429 5168 solum
3458 5112 3583 5176 oris,
3618 5114 3729 5168 sed
3752 5125 3814 5171 et

539 5197 820 5253 morietur.
852 5193 1032 5254 Omnis
1066 5216 1188 5271 ergo
1216 5215 1382 5255 smne
1410 5197 1575 5253 malus
1601 5214 1668 5253 ex
1699 5214 1787 5253 ore
1816 5208 1981 5253 vestro
2009 5215 2112 5254 non
2212 5196 2490 5255 oculorum
2518 5196 2796 5269 disciplina
2824 5197 3100 5254 formatur.
3135 5200 3226 5256 Ait
3249 5201 3451 5273 quippe
3473 5201 3812 5273 Apostolus,

536 5288 800 5360 procedat,
823 5291 947 5359 quia
968 5293 1153 5360 procul
1175 5290 1337 5347 dubio
1356 5291 1499 5345 malo
1523 5290 1576 5345 in
1601 5304 1851 5346 sermone
1868 5288 2114 5360 blasplie-
2209 5290 2348 5346 sicut
2372 5290 2571 5345 dictum
2595 5299 2679 5344 est
2704 5308 2717 5343 :
2750 5289 2931 5345 Omnis
2957 5307 3081 5363 ergo
3107 5308 3274 5348 sermo
3301 5294 3470 5348 malus
3494 5310 3558 5349 ea
3584 5311 3693 5351 ore
3719 5314 3814 5351 es-

536 5383 644 5439 mia
688 5389 791 5438 est.
838 5380 1076 5438 Remove
1122 5383 1303 5452 itaque
1343 5382 1649 5453 iniquorum
1687 5382 2107 5438 susurrationem
2207 5390 2317 5459 stro
2343 5397 2446 5435 non
2473 5380 2720 5452 procedat
2758 5380 2973 5453 (Ephes.
3014 5380 3111 5453 tv).
3155 5382 3245 5438 Ait
3269 5392 3326 5439 et
3352 5383 3612 5441 Dominus
3648 5406 3664 5442 :
3704 5386 3815 5454 Qui

534 5473 842 5538 verborum,
891 5479 947 5528 et
993 5471 1312 5527 incentivum
1364 5472 1705 5541 malignitatis
1756 5487 1865 5528 sua:
1911 5471 2109 5527 invidia
2208 5474 2390 5528 viderit
2417 5473 2680 5527 mulierem
2710 5472 2780 5527 ad
2805 5475 3261 5545 concupiscendum
3280 5492 3414 5544 eam,
3431 5477 3545 5549 jam
3564 5484 3819 5535 macha-

533 5575 644 5618 non
670 5561 905 5617 habebit.
939 5559 1176 5615 Remove
1219 5558 1459 5615 mollium
1499 5561 1759 5619 labiorum
1791 5573 1949 5634 turpe
1988 5578 2108 5635 ηις-
2208 5573 2292 5620 tus
2328 5573 2406 5620 est
2439 5564 2495 5618 in
2540 5563 2693 5618 corde
2732 5579 2823 5619 suo
2850 5564 3064 5636 (Matth.
3098 5564 3172 5635 v).
3215 5564 3537 5637 Perspicitis,
3568 5566 3816 5639 fratres,

604 5779 631 5807 ι
655 5765 734 5825 Ita
765 5769 816 5824 in
842 5769 1047 5825 codice.
