4054 6194
281 260 380 314 755

1682 256 1908 317 SERMO
1943 257 2098 316 CXII.

3421 260 3536 323 τδι

274 374 478 437 quanta
504 381 632 423 cura
662 375 716 424 et
742 378 943 440 quanta
980 366 1340 425 sollicitudine
1382 368 1729 439 prohibemur
1768 369 1853 424 vel
1880 374 1928 431 Α
1956 370 2022 424 ad
2054 370 2305 425 interiora
2337 373 2569 441 pectoris
2599 374 2765 429 nostri
2793 375 2959 444 possit
2979 382 3193 444 patrare
3217 384 3528 445 peccatum;

275 456 421 526 loqui
452 457 647 526 turpia,
677 458 763 514 vel
788 458 953 530 684
979 459 1194 523 videre;
1228 466 1430 527 Quanto
1460 467 1849 529 prmeeptorum

274 562 547 602 consensu
575 549 750 603 bonus
778 549 1033 604 Dominus
1057 556 1115 603 et
1146 563 1331 604 servus
1356 548 1525 605 ﬁdelis
1551 557 1854 605 nostrorum

276 636 563 691 destruunt
590 651 787 705 organa
816 646 1180 708 peccatorum.
1209 637 1303 694 llle
1328 639 1473 693 enim
1496 639 1685 695 oculos
1705 653 1858 694 coer-

276 734 387 792 cet,
417 725 508 781 hic
537 726 790 795 linguam,
820 727 943 796 quia
972 742 1069 797 per
1094 728 1281 783 oculos
1310 729 1363 782 in
1390 743 1484 784 cor
1510 729 1743 784 hominis
1786 730 1857 783 ir-

278 815 420 883 repit
466 815 650 880 libido,
693 825 748 870 et
788 816 1214 886 concupiscentia
1241 818 1418 874 cordis
1452 819 1749 874 ministerio
1777 820 1857 873 lu—

279 904 415 958 briei
462 907 723 959 sermonis
768 907 1034 976 impletur.
1068 907 1170 962 Per
1207 909 1319 963 haec
1356 924 1484 978 ergo
1523 910 1773 964 mandata
1801 921 1857 965 et

1954 468 2011 515 et
2033 460 2264 530 linguam
2290 469 2527 517 nostram
2555 465 2803 520 emendat
2827 466 3132 535 Apostolus,
3162 480 3231 520 ne
3257 474 3410 536 turpe
3432 466 3529 523 ὼς

1961 552 2216 608 siderium
2256 554 2464 622 turpior
2501 570 2677 610 sermo
2713 555 2970 625 perﬁciat.
3000 555 3227 627 Propter
3250 557 3421 627 quod,
3446 558 3529 613 di-

1960 643 2252 709 lectissimi,
2284 645 2431 699 omni
2457 662 2581 701 cum
2608 647 2879 716 vigilantia
2916 664 3202 705 caveamus
3238 664 3307 704 ne
3352 665 3532 705 sanna

1961 734 2132 789 malus
2167 742 2261 788 aut
2299 734 2465 804 turpis
2511 746 2697 791 nostra
2724 738 2791 792 de
2825 752 2923 793 ore
2958 742 3231 808 procedat,
3263 747 3317 793 ut
3346 753 3535 809 preces

1959 833 2191 890 nostras,
2220 838 2355 891 quas
2380 824 2578 895 suscipi
2606 842 2821 884 oramus
2846 828 2898 885 in
2919 830 3077 896 caelo,
3100 837 3247 887 easta
3274 829 3344 885 ad
3366 829 3546 892 Deum

1958 914 2132 981 lingua
2160 914 2500 970 transmittat.

278 993 527 1052 Christus
572 997 877 1053 sordentem
904 1006 1097 1070 purgat
1122 1007 1418 1069 aspectum,
1451 1016 1519 1055 ne
1546 1016 1643 1070 per
1669 1002 1854 1056 oculos

1650 1092 1919 1154 SERMO
1958 1096 2150 1159 CXII.

1418 1191 1491 1246 De
1514 1210 1660 1247 servo
1683 1196 1991 1250 centurionis
2019 1199 2071 1251 in
2106 1197 2400 1270 Evangelia.

1714 1285 2101 1343 ADMONITIO.

358 1369 690 1455 Benedictini
710 1371 962 1455 monachi
987 1384 1237 1440 congreg.
1268 1371 1525 1455 S.._Mauri
1553 1389 1679 1455 opp.
1696 1374 1765 1455 VS.
1798 1376 2060 1455 Ambrosii
2090 1381 2340 1455 editores,
2373 1384 2473 1438 etsi
2504 1385 2703 1455 apertis
2735 1387 2912 1442 verbis
2946 1388 3291 1446 indicaverint
3318 1395 3541 1449 concio-1

285 1457 410 1495 nem
440 1441 584 1521 hanc
607 1441 895 1525 ambrosio.
920 1456 1172 1525 nonuesse
1200 1441 1602 1525 ascribendam,
1626 1441 1866 1525 attamen
1896 1448 2137 1525 eamdem
2177 1451 2229 1504 in
2271 1441 2375 1525 ﬁne
2411 1441 2717 1525 sermonum
2758 1456 2873 1523 ejus
2899 1441 3048 1511 num.
3063 1441 3145 1513 '63
3157 1441 3504 1518 'c'éiibéiiiiii
3520 1481 3553 1525 ι,

282 1526 448 1632 quam
478 1511 631 1564 veriti
660 1511 853 1564 fuimus
882 1510 933 1564 in
963 1511 1335 1565 collectionem
1365 1520 1605 1566 nostram
1635 1515 1934 1581 traducere,
1965 1518 2136 1573 donec
2167 1522 2363 1575 nostris
2404 1522 2571 1576 oculis
2599 1510 2826 1579 vidimus
2852 1526 2903 1578 in
2934 1527 3054 1581 cod.
3090 1510 3157 1580 99

317 1579 583 1632 erusaletu
614 1580 827 1632 nomine
854 1579 910 1632 S.
943 1579 1158 1632 Maximi
1187 1581 1408 1632 relatam
1435 1598 1579 1632 num.
1613 1581 1700 1632 9-4-
1725 1592 1778 1632 et
1805 1583 2052 1632 indicium
2079 1589 2238 1632 etiam
2265 1590 2554 1632 δοτιιίκίΜί
2586 1595 2869 1632 ραι-Αίηςιιῑα
2895 1596 3091 1632 nos...“
3144 1598 3189 1632 ιο
3221 1599 3379 1632 ςηςι..-
3403 1603 3528 1632 ρης,

317 1579 583 1666 e‘rusa‘len‘i
614 1580 827 1633 nomine
854 1579 910 1633 S.
943 1579 1408 1666 Maximinrelatam
1435 1598 1585 1662 num:
1725 1592 1778 1636 et
1799 1579 2053 1666 judicium
2079 1589 2238 1642 etiam
2265 1590 2555 1666 doctissimi
2586 1595 2870 1666 cardinalis
2894 1579 3112 1650 Besutii.
3136 1579 3538 1666 ils'igivturvs-cri:

286 1649 361 1734 hit
395 1666 409 1699 :
440 1649 739 1730 Postremus
767 1665 952 1730 sermo,
984 1666 1133 1734 quant
1160 1648 1225 1731 8..
1253 1649 1303 1701 Μ
1313 1652 1474 1731 oximi
1501 1652 1755 1734 existima,
1787 1648 1862 1706 est
1888 1653 1950 1734 de
1978 1674 2118 1711 servo
2162 1662 2471 1714 centurionis
2511 1663 2565 1715 in
2604 1661 2915 1734 Evangelia;
2945 1648 3367 1724 in'i’uédiéa’iibi'é
3396 1648 3538 1725 iiii-

286 1720 422 1805 [ἱείς.
455 1717 934 1805 cujus‘principium
963 1717 1076 1805 eu;-
1103 1718 1340 1805 Degimus
1388 1722 1441 1805 in
1480 1732 1657 1805 sqncto
1704 1720 1998 1805 Evangelia,
2036 1736 2140 1805 etc.
2270 1768 2281 1779 .
2329 1731 2416 1799 qui
2454 1732 2654 1805 quidem
2684 1717 2784 1786 non
2815 1717 3009 1803 est'pro
3040 1717 3545 1805 festa

284 1787 537 1878 ecclesiae,
566 1798 777 1869 utnunc
802 1789 857 1840 in
884 1803 1024 1841 mare
1054 1787 1314 1878 habentia,
1346 1789 1730 1878 sedLest'sermo
1751 1792 1819 1843 ad
1844 1787 2083 1878 populum
2109 1787 2480 1878 hqbitus,'cuni
2518 1802 2580 1854 de
2619 1818 2746 1855 novo
2775 1820 2806 1853 Il
2837 1787 3543 1878 comite:

283 1856 710 1939 rutqriscnomine
731 1873 994 1939 comesque
1023 1855 1395 1939 appellabatur,
1428 1857 1639 1939 basilica
1670 1855 1959 1939 construant
2001 1866 2116 1932 fuit.
2150 1855 2356 1939 Laudat
2383 1885 2576 1939 quoque
2603 1871 2656 1923 in
2685 1855 3007 1927 eodemrlnos
3025 1855 3543 1938 'ri'.45s,"t7u}}'ti}}}iidz

287 1933 338 2016 r‘t
378 1924 672 2016 Marianum,
701 1924 930 2016 quinetsi
958 1924 1236 2016 mediocres
1265 1928 1556 2016 ⁸ἰηοδαξσῑιζε)
1593 1924 2141 2016 Ῑοζιιινιὶδᾳιιε-έεὶιιιεδ,
2174 1924 2553 1991 tabernaculum
2593 1948 2762 1993 (auten
2804 1924 3542 2016 basilica:Vroits'truivfecerinl:

290 1994 513 2048 Accedit
532 1995 693 2048 etiam
721 1996 1084 2050 testimonium
1108 1996 1308 2050 codicis
1334 1994 1694 2064 Sangallensis
1722 1994 1868 2055 num.
1902 2000 1987 2054 75.

289 2108 781 2183 Ancuusuruu._—
810 2106 948 2171 Quid
975 2106 1237 2183 Ilua-imus
1275 2109 1373 2183 hac
1402 2109 1454 2183 in
1484 2116 1869 2183 sermonetra-
1902 2114 1948 2173 Β
1976 2114 2163 2179 vatori,
2198 2122 2251 2168 et
2278 2124 2533 2183 quantum
2570 2116 2782 2172 festinat
2817 2118 2883 2172 de
2919 2119 3149 2175 hostium
3181 2123 3424 2178 manibus
3449 2138 3543 2178 ca-

280 2244 281 2247 η
362 2178 573 2249 cluserit
599 2177 724 2249 satis
753 2193 818 2231 ea:
848 2179 1097 2247 superiori
1134 2180 1520 2233 eminentissimi
1553 2179 1743 2234 Besutii
1774 2180 1868 2249 ju-

365 2247 503 2301 dicio
529 2247 850 2316 exploratum
877 2258 971 2301 est.

366 2377 616 2445 Legimus
645 2377 696 2431 in
725 2376 783 2431 S.
824 2376 1136 2448 Evangelia,
1165 2395 1285 2434 cum
1328 2379 1656 2435 centurionis
1693 2380 1873 2449 cujus-

291 2466 418 2520 dam
445 2481 630 2520 servus
658 2466 748 2536 qui
779 2475 895 2521 erat
935 2468 1008 2521 illi
1045 2468 1349 2537 pretiosior,
1381 2483 1413 2523 e
1440 2470 1587 2537 gravi
1617 2470 1876 2540 paralysis

291 2556 612 2624 mgritudine
658 2557 946 2621 laboraret,
978 2565 1033 2612 et
1062 2574 1159 2628 per
1187 2560 1426 2614 seniores
1453 2558 1759 2615 Iudaeorum
1788 2561 1876 2616 ille

292 2646 541 2701 centurio
570 2654 782 2714 rogaret
808 2646 1139 2703 Salv‘atorem
1171 2656 1229 2702 ut
1257 2648 1372 2717 ejus
1398 2649 1671 2705 doloribus
1690 2652 1874 2705 mede-

300 2745 454 2790 retur
498 2738 630 2803 (erat
670 2737 825 2804 enim,
858 2745 915 2791 ut
954 2738 1028 2791 ait
1072 2736 1365 2809 Scriptura,
1390 2740 1710 2809 moriturus),
1740 2741 1878 2795 inter

292 2837 491 2882 czetera
520 2827 585 2881 ad
616 2828 871 2897 majorem
902 2829 1381 2886 commendationis
1414 2832 1639 2899 gratiam
1669 2848 1875 2887 sermo-

280 2918 380 2972 nis
405 2916 708 2973 Judzcorum
735 2919 932 2974 dixisse
956 2919 1185 2974 Domino
1219 2938 1230 2972 :
1265 2920 1489 2991 Digitum
1515 2931 1591 2976 est
1612 2930 1665 2975 ut
1684 2922 1781 2977 hoc
1800 2924 1878 2977 illi

295 3019 509 3078 prastes
550 3026 568 3062 :
607 3010 777 3081 diligit
812 3012 946 3064 enim
976 3020 1174 3082 gentem
1204 3022 1454 3079 nostram,
1485 3024 1535 3068 et
1561 3032 1876 3087 synagogam

290 3102 409 3168 ipse
433 3101 707 3169 ludificari:
730 3103 877 3155 nobis
908 3101 1056 3172 (Luc.
1090 3120 1161 3158 vu
1188 3112 1238 3157 et
1265 3105 1449 3176 seqq).
1479 3105 1536 3159 Si
1564 3119 1692 3173 ergo
1730 3122 1875 3161 com-

298 3191 584 3245 mendatur
614 3190 840 3246 Domino
870 3193 961 3260 qui
985 3193 1267 3249 mdiﬁcavit
1300 3210 1645 3265 synagogam,
1675 3206 1877 3264 quanto

296 3289 383 3336 est
421 3282 844 3337 commendatior
879 3285 969 3352 qui
1012 3284 1293 3339 aediﬁcavit
1318 3286 1639 3341 ecclesiam?
1668 3286 1733 3339 Et
1761 3288 1804 3340 si
1832 3287 1877 3342 is

300 3380 539 3428 meretur
564 3375 788 3443 gratiam
817 3377 906 3443 qui
938 3377 1228 3446 impietatis
1256 3379 1649 3448 receptaculum
1679 3379 1879 3449 przesti-

1970 2205 2147 2272 ptivos
2185 2220 2392 2269 eruere,
2426 2214 2576 2260 tanto
2620 2209 2782 2278 685
2828 2209 2995 2275 magis
3026 2209 3237 2264 festinat
3276 2227 3305 2265 a
3344 2212 3542 2269 diaboli

1973 2309 2028 2350 se
2056 2295 2332 2365 sacrilegio
2360 2296 2603 2352 liberare.
2653 2294 2733 2352 ibi
2772 2300 3017 2355 inimicos
3052 2304 3247 2357 terreni
3284 2306 3423 2375 regis
3458 2306 3541 2361 in-

1974 2384 2183 2449 terﬁcit,
2216 2385 2304 2440 hic
2331 2386 2667 2442 adversarios
2707 2388 2915 2443 Domini
2954 2391 3185 2448 caelestis
3213 2393 3541 2465 insequitur;

1974 2476 2045 2531 ibi
2074 2478 2331 2534 barbaros
2366 2480 2553 2546 vincit,
2581 2480 2670 2535 hic
2697 2480 2984 2538 daemones.
3027 2483 3269 2553 Sapiens,
3310 2486 3549 2555 inquam,

1972 2566 2061 2634 qui
2092 2567 2229 2621 sicut
2258 2583 2439 2623 comes
2466 2570 2802 2639 imperatoris
2831 2580 2931 2636 est,
2966 2572 3035 2626 ita
3062 2580 3115 2627 et
3142 2588 3324 2629 comes
3350 2574 3544 2631 Christi

1974 2671 2094 2712 esse
2122 2657 2407 2713 desiderat.
2441 2658 2574 2713 Nam
2601 2661 2740 2715 bene
2765 2663 2947 2730 utique
2972 2670 3025 2717 et
3053 2663 3298 2731 religiose
3318 2664 3544 2732 agendo,

1974 2748 2286 2816 dignitatem
2328 2762 2478 2804 suam
2523 2751 2669 2820 cupit
2713 2756 2831 2806 eSse
2875 2760 3205 2823 perpetuam,
3253 2753 3545 2809 secundum

1975 2838 2116 2905 quod
2143 2839 2399 2908 scriptum
2423 2848 2505 2894 est
2532 2840 2584 2894 in
2614 2842 2873 2911 propheta
2908 2859 2919 2893 :
2952 2841 3023 2895 Et
3050 2859 3156 2907 ros,
3180 2860 3209 2897 ο
3237 2843 3354 2898 boni
3384 2859 3546 2915 reges,

1977 2927 2138 2981 bonas
2168 2930 2322 2998 facile
2349 2931 2458 2983 vias
2483 2939 2676 2984 vestras
2699 2941 2749 2983 et
2774 2932 2945 2985 studia
2973 2942 3156 2997 restra,
3185 2942 3230 2990 et
3262 2934 3435 2987 audile
3459 2951 3546 2988 ro-

1977 3034 2084 3072 cem
2122 3018 2333 3074 Domini
2381 3019 2478 3075 Dei
2525 3022 2695 3089 vestri,
2732 3032 2782 3075 et
2816 3023 3073 3093 pomitebit
3110 3023 3389 3077 Dominum
3428 3025 3553 3079 ntali

1977 3110 2113 3179 quod
2140 3111 2336 3163 locutus
2362 3119 2451 3164 est.
2467 3112 2732 3166 adversum
2760 3129 2845 3165 vos
2870 3111 3044 3173 (Prov.
3072 3114 3236 3185 xxvn).
3263 3112 3403 3185 Ergo
3430 3130 3549 3169 eum

1978 3200 2221 3253 centurio
2240 3209 2456 3269 rogaret
2475 3201 2755 3255 Dominum
2781 3210 2838 3255 ut
2866 3202 2933 3255 de
2958 3211 3132 3257 morte
3154 3214 3371 3258 erueret
3390 3218 3551 3270 :rgro-

1978 3295 2207 3353 tantem,
2247 3297 2299 3343 et
2336 3289 2499 3343 vellet
2546 3288 2802 3344 Dominus
2849 3290 2915 3344 ad
2960 3290 3176 3346 domum
3227 3293 3557 3353 centurionis

1978 3395 2224 3450 pergere,
2256 3382 2307 3434 in
2336 3395 2440 3449 qua
2478 3381 2720 3435 servulus
2755 3380 3121 3443 decumbebat,
3154 3384 3227 3435 ait
3262 3384 3505 3437 centurio
3536 3398 3549 3435 :

300 3466 387 3529 tit,
419 3475 618 3533 quanto
663 3468 922 3534 majorem
971 3479 1207 3523 meretur
1243 3471 1467 3537 gratiam
1505 3470 1595 3539 qui
1634 3471 1875 3538 religioni
1905 3462 1950 3524 C
1986 3471 2219 3535 Domine,
2250 3488 2354 3524 non
2384 3488 2496 3524 sum
2523 3471 2704 3542 dignus
2733 3481 2787 3524 ut
2817 3472 2975 3524 intres
3014 3470 3105 3524 sub
3144 3480 3327 3523 tectum
3366 3487 3551 3526 meum.

294 3556 626 3611 domicilimn
648 3559 999 3627 prmparavit?
1020 3558 1087 3612 Et
1114 3560 1159 3614 si
1182 3561 1269 3614 ille
1290 3561 1492 3615 caelesti
1516 3562 1877 3617 misericordia

292 3646 548 3700 visitatur
574 3647 663 3714 qui
699 3649 996 3703 construxit
1036 3649 1211 3704 locum
1254 3650 1344 3704 ubi
1380 3648 1624 3705 Christus
1669 3666 1882 3721 semper

294 3745 546 3803 negatur,
576 3746 776 3807 quanto
821 3740 990 3808 magis
1027 3741 1321 3796 visitandus
1350 3749 1431 3797 est
1461 3752 1486 3780 ι
1509 3744 1600 3811 qui
1634 3743 1882 3797 fabricari

296 3826 431 3882 iecit
452 3827 845 3883 tabernaculum
877 3830 967 3883 ubi
994 3828 1236 3887 Christus
1264 3832 1502 3901 quotidie
1529 3833 1882 3903 przedicatur?

293 3915 358 3970 In
390 3918 701 3973 centurione
729 3919 869 3972 enim
899 3918 1154 3975 Dominus
1181 3937 1288 3976 non
1318 3921 1449 3993 quid
1473 3924 1649 3994 operis
1675 3923 1878 3988 fecerit,

294 4006 401 4061 sed
428 4020 533 4073 qua
560 4016 738 4063 mente
766 4018 1019 4079 aperatus
1044 4012 1114 4065 sit
1139 4013 1526 4082 comprobavit.
1554 4014 1683 4068 Nam
1714 4014 1803 4084 qui
1827 4014 1880 4068 id

296 4097 563 4166 temporis
588 4114 695 4167 quo
730 4099 968 4153 nondum
1005 4099 1294 4156 Christiani
1328 4110 1481 4156 erant
1524 4103 1752 4157 sollicite
1791 4119 1881 4173 sy-

299 4200 569 4254 nagogam
598 4186 752 4254 fecit,
796 4190 843 4244 si
869 4188 1093 4246 fuissent
1127 4192 1309 4260 utique
1339 4191 1648 4254 Christiani,
1682 4194 1883 4247 intelli-

296 4278 452 4346 gitur
477 4278 618 4346 quod
665 4279 835 4334 multo
880 4280 1159 4337 sollicitius
1200 4280 1411 4337 fecisset
1445 4282 1745 4338 ecclesiam.
1778 4282 1885 4337 Sed

299 4377 490 4422 tamen
519 4368 641 4423 licet
668 4384 990 4440 synagogam
1018 4371 1265 4434 aediﬁcet,
1296 4369 1565 4425 Christum
1598 4371 1881 4440 prmdicat;

302 4458 360 4511 in
395 4458 510 4527 ipso
539 4460 679 4512 enim
710 4475 872 4529 opere
899 4469 1203 4515 commonet
1231 4460 1530 4515 Pharismos
1550 4461 1745 4516 debere
1767 4461 1885 4515 illos

302 4548 583 4617 suscipere
629 4548 983 4616 Salvator-em,
1030 4557 1084 4604 et
1126 4551 1459 4605 demonstrat
1501 4558 1784 4620 propterea
1829 4566 1886 4605 se

300 4638 711 4693 tabernaculum
751 4640 976 4709 amplius
1004 4639 1286 4705 addidisse,
1316 4647 1375 4694 ut
1413 4640 1775 4709 multipliciter
1812 4640 1885 4695 ibi

300 4730 522 4783 Domini
546 4730 769 4797 gloriam
799 4731 1161 4800 loquerentur.
1188 4729 1245 4784 Si
1278 4731 1421 4785 enim
1448 4731 1619 4785 credit
1644 4730 1696 4784 in
1727 4729 1883 4783 Chri-

1982 3559 2215 3613 Excusat
2243 3559 2405 3627 igitur
2431 3560 2695 3626 centurio,
2728 3567 2784 3613 et
2808 3575 2874 3612 ne
2902 3559 3000 3613 sub
3024 3567 3217 3613 tectum
3244 3558 3357 3627 ejus
3381 3560 3553 3626 ingre-

1981 3650 2159 3703 diatur
2199 3650 2451 3703 Dominus
2492 3649 2762 3717 indignum
2806 3659 2863 3704 se
2891 3649 3036 3703 dicit.
3084 3648 3220 3703 Ecce
3255 3648 3445 3716 dignus
3472 3656 3554 3705 est

1980 3754 2160 3795 comes
2188 3747 2392 3805 noster,
2428 3738 2528 3792 sub
2558 3739 2708 3807 cujus
2736 3747 2932 3793 tectum
2978 3738 3135 3793 hodie
3179 3737 3428 3792 Salvator
3472 3738 3555 3793 in.

1981 3829 2236 3898 greditur.
2264 3828 2550 3883 Videamus
2579 3829 2692 3899 ipsa
2732 3829 3061 3883 centurionis
3091 3828 3371 3884 excusatio
3393 3842 3555 3896 quam

1982 3918 2175 3973 haheat
2193 3918 2446 3986 gratiam;
2468 3918 2544 3971 ait
2568 3918 2712 3972 enim
2743 3936 2755 3970 :
2784 3916 3019 3983 Domine,
3043 3934 3146 3972 non
3166 3934 3277 3972 sum
3298 3918 3483 3990 dignus
3502 3925 3556 3972 ut

1980 4010 2139 4062 intres
2162 4008 2252 4062 sub
2284 4017 2465 4062 tectum
2492 4025 2677 4073 meum,
2701 4006 2727 4046 δ
2758 4008 2849 4062 sed
2877 4016 3077 4061 tantum
3103 4009 3184 4061 dic
3206 4007 3376 4075 verba,
3399 4024 3553 4061 sana-

1984 4099 2119 4153 bitur
2147 4116 2271 4169 puer
2298 4116 2441 4153 meus
2465 4099 2677 4169 (Matth.
2701 4100 2835 4169 Vlll).
2867 4098 2911 4153 Ο
2940 4098 3069 4154 ﬁdes
3096 4098 3418 4165 Christiana,
3442 4115 3560 4171 quas

1983 4204 2104 4244 cum
2147 4188 2446 4243 humilitate
2493 4195 2661 4241 totum
2694 4188 2981 4256 impetrare
3026 4190 3370 4243 consuevisti.
3422 4188 3561 4244 Ecce

1984 4281 2263 4349 religiosus
2305 4279 2547 4335 centurio
2585 4279 2651 4333 ad
2692 4278 3053 4347 accipiendam
3094 4279 3319 4332 salutem
3349 4278 3561 4347 dignior

1987 4371 2072 4434 lit,
2103 4371 2230 4424 dum
2258 4384 2316 4424 se
2344 4369 2625 4439 proﬁtetur
2668 4368 2967 4435 indignum;
2999 4374 3053 4421 et
3090 4366 3217 4420 dum
3255 4366 3396 4420 mdes
3437 4382 3560 4421 suas

1986 4461 2265 4530 injuriosas
2286 4468 2458 4530 putat,
2483 4460 2651 4529 magis
2673 4474 2762 4514 eas
2784 4458 3107 4514 honoriﬁcas
3130 4456 3256 4512 fecit
3283 4465 3337 4511 et
3360 4464 3557 4525 gratas.

1986 4552 2189 4621 Magna:
2216 4554 2359 4608 enim
2396 4560 2451 4607 et
2494 4552 2744 4623 perlech
2795 4549 2915 4606 ﬁdei
2962 4550 3062 4619 vir,
3112 4550 3204 4621 qui
3243 4548 3567 4616 intelligeret

1986 4644 2255 4698 Christum
2284 4644 2567 4699 Dominum
2593 4644 2848 4699 cmlorum
2876 4658 3010 4706 esse,
3042 4642 3167 4696 dum
3189 4640 3471 4697 verebatur
3493 4652 3562 4692 ne

1989 4732 2203 4801 hospitii
2228 4734 2310 4787 sui
2337 4748 2458 4789 eum
2489 4743 2711 4802 angusta
2739 4734 2903 4803 686
2935 4747 3041 4786 non
3072 4730 3393 4800 acciperent.
3419 4727 3565 4796 Ergo

301 4829 452 4875 stum
476 4820 723 4874 conditor
758 4835 1059 4891 synagogm,
1088 4822 1257 4876 multo
1286 4822 1455 4889 magis
1482 4820 1701 4875 credere
1728 4820 1887 4874 debet
1915 4817 1964 4877 D
1990 4820 2397 4876 contradicente
2426 4822 2758 4885 centurione,
2792 4837 2900 4877 non
2930 4819 3101 4889 pergit
3128 4818 3192 4872 ad
3221 4818 3436 4877 domum
3464 4816 3570 4872 Dos

303 4911 583 4965 habitator
617 4912 782 4981 ipsius
820 4925 1120 4982 synagogm.
1150 4911 1406 4967 Centurio
1438 4926 1589 4981 ergo,
1618 4911 1663 4966 si
1685 4909 1881 4979 justiti-

302 5010 464 5055 catus
491 5008 574 5054 est
609 5008 829 5070 propter
855 5015 991 5069 opus
1030 5000 1216 5069 fragile
1248 5001 1332 5056 vel
1376 5009 1668 5068 terrenum,
1692 4998 1885 5069 justiﬁ-

301 5091 517 5146 candus
542 5091 697 5161 plane
725 5092 808 5146 vir
832 5091 1160 5148 clarissimus
1185 5101 1242 5147 et
1272 5093 1769 5162 providentissimus
1792 5107 1885 5146 eo-

300 5196 427 5235 mes
456 5189 637 5236 noster
663 5189 884 5252 propter
902 5197 1037 5252 opus
1058 5192 1166 5237 tam
1191 5191 1505 5253 perpetuum
1525 5183 1610 5238 vel
1630 5182 1844 5238 emleste
1869 5200 1881 5235 ε

300 5271 405 5341 qui
436 5285 636 5337 comes,
666 5272 805 5325 sicut
839 5274 921 5325 est
960 5271 1273 5326 centurione
1301 5271 1557 5340 dignitate
1584 5272 1783 5341 potior,
1813 5271 1885 5324 ita

300 5371 369 5419 et
400 5361 502 5416 ﬁde
529 5363 688 5416 debet
716 5377 834 5418 esse
859 5362 1123 5417 'devotior.
1167 5362 1391 5432 Sapiens
1418 5362 1500 5416 vir
1527 5372 1582 5416 et
1608 5362 1890 5429 religiosus

304 5468 518 5517 comes,
547 5453 639 5522 qui
677 5462 937 5522 quantum
965 5453 1019 5507 in
1046 5452 1188 5507 bello
1215 5452 1526 5522 imperatori
1554 5452 1746 5506 militat
1771 5450 1890 5506 Sal-

384 5572 414 5601 ει
442 5562 577 5687 Cod.
607 5563 666 5619 S.
694 5565 878 5622 Crucis
905 5565 959 5621 in
986 5563 1096 5623 Jer.
1120 5564 1248 5637 legit
1276 5581 1289 5620 :
1321 5565 1407 5637 qui
1430 5563 1697 5637 fabrefecit
1719 5562 1891 5618 taber—

386 5650 443 5687 ευ
470 5650 572 5686 nm.

303 5650 572 5688 naculum.

1991 4909 2184 4963 minus.
2231 4909 2347 4964 Non
2376 4909 2550 4979 pergit
2579 4910 2851 4975 Dominus,
2882 4908 2975 4964 sed
3012 4908 3184 4978 pergit
3207 4907 3416 4969 Domini
3444 4923 3564 4964 me-

1990 5000 2197 5066 dicina;
2248 5014 2356 5054 non
2404 5000 2585 5057 visilat
2626 5007 2883 5067 aegrotum
2932 4998 3202 5064 Salvator,
3246 4996 3341 5052 sed
3386 4998 3569 5057 visitat

1991 5090 2191 5145 sanitas
2228 5088 2543 5146 Salvatoris.
2585 5090 2663 5144 De
2703 5088 2953 5144 fratribus
2981 5103 3108 5144 vero
3137 5087 3333 5143 nostris
3361 5089 3566 5143 sanctis

1994 5181 2121 5235 viris
2148 5180 2416 5239 Vitaliano
2444 5187 2499 5235 et
2524 5178 2733 5252 Majano
2760 5178 2888 5249 quid
2916 5178 3123 5233 dicam?
3151 5176 3274 5233 Scio
3304 5177 3422 5232 illos
3450 5178 3566 5247 glao

1992 5271 2125 5324 riam
2172 5270 2240 5325 ab
2283 5269 2586 5330 hominibus
2619 5285 2725 5323 non
2764 5283 3022 5338 qumrere,
3055 5268 3154 5322 nisi
3190 5283 3220 5321 a
3259 5268 3375 5322 solo
3404 5267 3515 5322 Deo
3549 5284 3562 5319 :

1992 5358 2088 5414 sed
2114 5367 2290 5414 tamen
2314 5359 2522 5414 laudem
2543 5373 2748 5423 eorum,
2773 5358 2874 5413 etsi
2894 5372 2995 5427 ego
3018 5367 3240 5426 taceam,
3265 5357 3375 5427 ipsa
3399 5371 3565 5427 opera

1996 5451 2316 5522 loquuntur;
2356 5451 2425 5505 ad
2462 5450 2698 5520 ipsorum
2726 5449 2870 5503 enim
2900 5448 3109 5504 laudem
3146 5446 3377 5519 pertinet
3404 5445 3565 5516 quid-

2066 5562 2094 5599 ιι
2123 5562 2255 5617 Cod.
2283 5560 2337 5615 S.
2371 5561 2553 5616 Crucis
2578 5561 2630 5614 in
2658 5557 2769 5615 Jer.
2798 5560 2923 5629 legit
2948 5579 2959 5614 :

1990 5630 2131 5701 bum,
2161 5641 2209 5701 et
2237 5631 2520 5687 sanabitur.
2555 5632 2599 5684 0
2628 5631 2777 5698 ﬁdes,
2806 5639 2911 5689 etc.

2991 5563 3080 5619 sed
3117 5571 3311 5621 tantum
3336 5560 3422 5615 clis
3451 5575 3565 5619 vet-
