4054 6194
509 275 614 332 755

1562 264 1601 315 S
1660 260 1902 316 MAXIM
1940 257 2241 315 EPISCOPI
2278 253 2733 317 TAURINENSIS

3652 257 3752 319 756

510 384 639 458 quid
662 386 715 439 in
743 383 865 439 aliis
887 381 1051 453 paulo
1077 386 1202 435 ante
1228 376 1574 433 laudavimus.
1610 372 1742 427 Nam
1768 372 1874 426 hoc
1900 370 2082 423 taber-
2114 375 2158 431 Δ
2186 371 2540 427 substantiam
2573 377 2629 427 et
2667 369 2721 424 in
2758 367 2915 439 hujus
2957 369 3214 426 facturam
3262 369 3442 441 oreris
3486 371 3754 440 expende-

511 477 779 541 naculum,
810 474 912 530 etsi
947 470 1161 543 plurimi
1183 475 1615 534 construxerunt.
1650 467 1703 519 ni
1730 478 1912 518 tamen
1939 475 2085 516 smn-

511 577 606 639 ptu
629 565 836 636 operati
860 571 985 619 sunt
1003 577 1114 617 uno
1140 574 1378 616 assensu.
1399 557 1468 611 Et
1485 571 1596 625 quo
1614 555 1828 610 tandem
1849 558 2078 621 sumptu,

506 664 636 713 eum
662 656 769 710 sint
795 655 852 709 in
875 652 1070 708 saeculo
1099 650 1398 705 mediocres
1423 656 1479 701 et
1507 646 1729 700 tenues?
1756 644 1854 699 Illo
1881 642 2085 697 scilicet

513 748 714 814 dequo
739 724 815 799 ait
842 741 1149 812 Apostolus,
1180 738 1496 793 abundantia
1525 734 1647 806 ﬁdei
1673 744 1723 788 et
1751 733 1939 787 divitiis
1959 733 2084 785 sim.

515 835 761 906 plieitatis
791 831 879 904 (11
908 830 1030 886 Cor.
1055 830 1188 901 Vill).
1216 829 1311 883 Est
1335 828 1478 882 enim
1506 825 1710 880 sanctis
1733 822 1860 877 viris
1878 833 2089 889 semper

517 924 664 979 dives
692 923 805 991 ipsa
833 927 1141 991 paupertas.
1188 916 1338 972 Unde
1376 915 1537 969 credo
1585 915 1683 967 hos
1725 912 1913 966 beatos
1951 909 2091 962 hanc

519 1013 800 1068 ecclesiam
847 1027 954 1066 non
1002 1010 1180 1064 minus
1224 1005 1558 1061 orationibus
1602 1017 1762 1073 quam
1812 996 2092 1069 impendiis

521 1102 843 1167 fabricasse;
872 1101 950 1155 sic
975 1098 1117 1154 enim
1144 1097 1426 1167 oportebat
1454 1104 1513 1150 ut
1537 1109 1671 1164 opus
1694 1091 1890 1147 Christi
1919 1088 2092 1160 preci-

523 1193 619 1247 bus
667 1190 837 1259 magis
881 1195 1150 1245 cresceret
1192 1201 1356 1256 quam
1401 1183 1694 1240 mamentis.
1735 1181 1928 1235 Totam
1956 1177 2097 1233 enim

2187 468 2332 529 runt,
2363 469 2418 515 et
2446 461 2575 531 ipsis
2601 467 2749 515 certe
2774 459 2904 514 nihil
2943 459 3111 514 deest.
3143 460 3260 530 Ipsa
3290 460 3450 530 plane
3492 467 3595 523 est,
3626 460 3758 516 sicut

2187 549 2440 615 diximus,
2471 548 2620 603 dives
2644 547 2988 617 loeuplesque
3028 555 3336 617 paupertas,
3369 562 3488 616 qua:
3514 547 3761 617 expendit

2188 640 2371 696 omnia
2400 648 2455 693 et
2481 637 2723 709 possidet
2749 638 2947 693 omnia.
2992 636 3100 692 Sed
3135 638 3249 693 hate
3282 653 3310 691 a
3348 637 3460 692 Deo
3482 637 3757 692 benedicta

2190 739 2292 795 est,
2318 730 2457 786 sicut
2483 729 2572 783 illa
2598 728 2758 782 vidua
2785 727 2853 782 de
2881 743 2986 798 qua
3015 727 3142 782 dicit
3193 727 3447 782 Dominus
3492 728 3547 782 in
3590 725 3761 780 Evan-

2192 822 2338 890 gelio
2352 820 2542 891 (Marc.
2572 818 2667 889 xu)
2694 836 2707 871 :
2730 818 2919 872 Mulier
2938 818 3050 872 haec
3068 818 3228 871 vidua
3250 833 3459 887 pauper
3470 817 3591 887 plus
3609 833 3765 886 quam

2196 924 2385 965 omnes
2405 908 2577 972 misit;
2613 922 2734 962 nam
2762 920 2948 980 omnes
2977 906 3031 960 hi
3058 920 3128 960 ex
3158 905 3448 959 abundanti
3477 905 3580 959 sibi
3598 904 3764 959 mise-

2195 1007 2322 1055 runt
2346 999 2399 1053 in
2426 1011 2645 1052 munera
2674 996 2789 1060 Dei,
2831 996 2945 1052 hac
2984 1005 3165 1051 autem
3194 1002 3365 1051 totum
3393 995 3593 1051 victum
3618 1009 3768 1050 suum

2198 1104 2360 1159 quem
2385 1088 2571 1143 habuit
2596 1087 2760 1144 misit.

1883 1287 2149 1351 SEBMO
2190 1285 2407 1349 CXIII.

786 1421 863 1475 De
888 1435 948 1475 eo
972 1418 1106 1490 quod
1130 1419 1374 1488 scriptum
1402 1423 1516 1470 est:
1550 1413 1729 1468 Venite
1752 1413 1818 1466 ad
1846 1428 1944 1477 me,
1977 1423 2149 1463 omnes
2179 1406 2264 1476 qui
2294 1404 2539 1459 laboratis
2568 1413 2617 1458 et
2646 1406 2848 1459 onerati
2872 1407 3015 1460 estis.
3047 1405 3237 1462 Hatth.
3266 1423 3378 1480 cap.
3414 1421 3496 1463 ιι.

1947 1519 2336 1577 ADHONITIO.

597 1628 673 1681 Ex
706 1626 993 1682 Anecdotis
1019 1624 1297 1681 Muratorii
1328 1632 1458 1680 tom.
1489 1622 1580 1687 IV,
1610 1635 1733 1692 pag.
1768 1616 1891 1692 l09_,
1922 1617 2066 1670 hunc
2092 1625 2392 1692 sei-inopem
2433 1613 2699 1679 mutilum,
2729 1621 2790 1667 ut
2811 1611 2956 1681 jacet
2979 1613 3035 1668 in
3061 1611 3245 1670 codice
3272 1612 3783 1672 Ambrosianulau-

529 1680 717 1763 simus,
732 1680 1095 1766 fragmentum
1115 1709 1329 1765 quoque
1353 1680 1599 1750 eumdem
1614 1680 1974 1745 'hluratori'um
2003 1680 2170 1738 secuti
2200 1680 2550 1751 publicamus.

531 1833 1002 1889 Attenuatum—
1021 1829 1253 1884 Christus
1298 1826 1548 1880 Dominus
1585 1822 1850 1894 discipulis
1870 1820 1999 1894 suis
2044 1817 2098 1868 in
2135 1814 2174 1872 Β
2204 1814 2399 1869 mentis
2423 1813 2779 1887 proficiscitur
2806 1816 3057 1886 puritate,
3089 1831 3195 1871 non
3222 1829 3342 1885 quae
3367 1815 3437 1873 de
3462 1817 3661 1875 vitioso
3686 1833 3777 1889 pe~

598 1903 868 1967 semetipso
894 1897 1150 1953 imitanda
1168 1897 1420 1967 doctrinae
1449 1904 1643 1948 sancta:
1664 1891 1903 1963 proponit
1930 1902 2107 1941 exent-

599 1972 705 2040 pla.
738 1965 902 2033 Quale
930 1970 997 2021 sit
1026 1968 1164 2021 illius
1188 1965 1369 2037 jugum
1398 1972 1449 2018 et
1476 1980 1627 2019 onus.

600 2103 735 2157 Cum
763 2098 1143 2170 omnipotentis
1169 2097 1263 2153 Dei
1290 2094 1605 2165 Unigenitus
1629 2093 1751 2163 quis
1774 2098 2110 2161 quantusque

534 2200 674 2248 esset
712 2189 1055 2244 manifestare
1098 2186 1402 2242 hominibus
1428 2185 1589 2240 vellet
1628 2191 1684 2238 et
1720 2180 1975 2237 bonitatis
2001 2192 2112 2233 sute

535 2281 733 2336 fontem
759 2280 1123 2350 proposuisset
1148 2277 1361 2347 aperire
1382 2274 1715 2337 mortalibus,
1740 2272 1819 2327 sic
1846 2271 1920 2325 ait
1943 2287 1959 2322 ι
1986 2268 2112 2322 Οηι-

536 2372 622 2426 uia
642 2371 766 2425 mihi
789 2368 980 2423 tradita
1000 2375 1121 2422 sunt
1141 2384 1172 2421 a
1194 2367 1354 2420 Patre
1372 2381 1503 2430 meo,
1524 2374 1573 2418 et
1592 2379 1740 2418 nemo
1760 2362 1897 2416 novit
1918 2358 2113 2413 Filium

537 2463 639 2518 nisi
667 2461 843 2524 Pater,
874 2475 1034 2530 neque
1060 2457 1271 2511 Patrem
1298 2456 1410 2528 quis
1438 2456 1577 2509 norit
1608 2455 1708 2508 nisi
1738 2452 1932 2520 Filius,
1958 2459 2005 2504 et
2033 2451 2114 2503 cui

539 2548 751 2607 voluerit
770 2547 816 2601 F
818 2549 938 2603 ilius
966 2548 1190 2603 revelare
1219 2545 1296 2614 (Μ
1302 2543 1716 2614 atth.x1)?ll:ec,
1732 2541 2012 2607 carissimi,
2037 2541 2115 2595 al-

541 2652 692 2699 terna
719 2641 892 2696 Patris
917 2639 1145 2708 Filiique
1170 2637 1403 2707 cognitio
1433 2651 1592 2691 unam
1620 2636 1736 2689 sine
1762 2633 1926 2689 dubio
1954 2641 2116 2701 atque

542 2732 818 2788 indivisam
848 2728 1084 2786 ostendit
1110 2743 1229 2784 esse
1255 2727 1629 2783 substantiam.
1660 2723 1952 2780 Sollicitius
1977 2738 2117 2776 nunc

2206 1913 2356 1960 ctore
2384 1905 2712 1961 conscientia
2751 1905 3053 1976 trepidante
3091 1905 3390 1962 descendit.
3431 1904 3648 1973 Discite,
3690 1908 3779 1973 ait.

2208 2018 2239 2054 (ι
2259 2017 2357 2065 me,
2388 2001 2508 2072 quia
2536 2001 2676 2054 mitis
2698 2016 2810 2054 sum
2838 2008 2888 2055 et
2915 2000 3120 2055 humilis
3140 2000 3310 2055 corde.
3334 1999 3505 2067 Quam
3526 2001 3666 2056 bene
3684 2002 3781 2055 do-

2209 2099 2296 2145 cet
2332 2092 2453 2146 talis
2491 2092 2763 2159 magister,
2794 2092 2885 2161 qui
2923 2091 3201 2162 discipulis
3242 2092 3353 2147 suis
3396 2092 3448 2146 in
3495 2092 3783 2162 semetipso

2211 2181 2464 2235 imitanda
2493 2181 2748 2236 doctrina:
2770 2190 2969 2237 sancta:
2993 2183 3248 2252 proponit
3273 2183 3541 2252 exempla.
3562 2182 3676 2238 Vos
3694 2198 3784 2237 au-

2211 2281 2342 2338 tem,
2374 2272 2655 2339 carissimi,
2682 2287 2789 2326 non
2818 2272 2885 2327 ad
2913 2272 3199 2326 humanam
3221 2271 3579 2340 fragilitatem,
3600 2270 3697 2325 sed
3722 2271 3785 2326 ad

2213 2364 2363 2418 illum
2386 2378 2600 2433 semper
2620 2362 2876 2418 intendite
2902 2363 2993 2433 qui
3031 2378 3149 2432 qua:
3184 2362 3413 2418 faciebat
3452 2362 3786 2431 loquebatur,

2212 2461 2268 2508 et
2293 2467 2413 2522 quae
2439 2452 2648 2508 locutus
2671 2459 2754 2507 est
2782 2451 2926 2507 fecit.
2960 2451 3164 2517 Tollite,
3192 2452 3287 2518 ait,
3303 2454 3486 2524 jugum
3518 2469 3689 2506 metm
3706 2468 3787 2505 sn-

2214 2560 2305 2614 per
2343 2559 2452 2610 vos,
2491 2543 2610 2613 quia
2635 2543 2801 2614 688
2822 2543 3007 2614 jugunt
3047 2558 3215 2596 metm
3256 2558 3410 2597 auare
3442 2548 3539 2605 est,
3579 2549 3634 2595 et
3667 2554 3792 2596 om

2215 2649 2381 2688 meum
2417 2633 2539 2687 leve.
2578 2630 2770 2702 Jugum
2805 2632 3021 2695 Christi,
3067 2630 3281 2698 fratres,
3320 2632 3499 2687 omnia
3541 2631 3791 2687 diabolici

2211 2725 2323 2793 jugi
2351 2724 2722 2792 colligamenta
2750 2723 3012 2779 dissolvit.
3045 2723 3235 2791 .lugum
3262 2722 3462 2779 Christi
3489 2739 3599 2779 non
3628 2723 3791 2778 inurit

542 2823 827 2888 intendite,
852 2821 1067 2896 fratres,
1092 2834 1211 2889 qua:
1235 2826 1540 2889 quantaque
1567 2817 1639 2873 sit
1664 2815 1804 2886 apud
1833 2814 2114 2869 Dominum
2218 2813 2378 2879 colla,
2407 2812 2499 2868 sed
2528 2821 2703 2868 emat.
2742 2811 2935 2882 Jugum
2979 2811 3177 2868 Christi
3209 2828 3314 2867 non
3342 2811 3595 2883 deprimit
3618 2814 3791 2885 capita

543 2928 607 2968 ac
634 2912 1048 2980 Redemptorem
1074 2917 1317 2965 nostrum
1345 2908 1539 2963 divina:
1559 2907 1729 2980 virtus
1758 2914 1979 2967 naturae,
2009 2918 2117 2957 αη-
2218 2911 2419 2967 nostra,
2448 2900 2543 2957 sed
2569 2902 2830 2956 continet.
2863 2901 3051 2970 Jugum
3079 2901 3277 2956 Christi
3304 2903 3549 2958 sulcante
3571 2918 3793 2959 vomere

543 3001 799 3072 lcstisque
835 2976 1093 3055 doctrinae
1131 2998 1421 3069 sapientia,
1459 3005 1514 3051 et
1556 2976 1955 3052 clementissimi
2001 2994 2119 3061 ejus
2220 2992 2363 3060 lilei,
2388 2992 2639 3047 vitiorum
2679 2991 2917 3047 omnium
2955 2992 3193 3060 gramina
3222 2998 3509 3060 sentesque
3547 2992 3792 3047 succidit.

546 3090 779 3161 pectoris
798 3088 1241 3159 incomprehensa
1263 3087 1587 3155 benignitas.
1606 3084 1893 3153 Postquam
1915 3084 2057 3139 enim
2085 3098 2114 3136 a
2219 3081 2410 3151 Iugum
2440 3080 2635 3137 Christi
2661 3082 3017 3138 concordibus
3043 3081 3282 3137 caritatis
3308 3081 3531 3137 vinculis
3556 3082 3610 3137 in
3636 3092 3797 3137 :eter-

550 3185 657 3237 Deo
684 3179 842 3235 Patre
863 3195 985 3245 suo,
1011 3179 1148 3234 sicut
1175 3178 1514 3247 evangelicus
1535 3192 1713 3233 sermo
1737 3184 1987 3243 testatur,
2017 3185 2123 3230 tra-
2148 3161 2193 3221 C
2225 3187 2349 3226 nam
2375 3172 2689 3227 societatem
2716 3170 2884 3226 Deum
2913 3171 3298 3240 hominumque
3324 3169 3620 3240 eonjungit.
3665 3170 3800 3238 Quid

546 3265 658 3326 dita
695 3269 797 3326 sibi
836 3268 1082 3323 universa
1127 3266 1402 3337 professus
1437 3274 1537 3331 est,
1579 3279 1774 3334 neque.
1812 3271 1919 3321 etc.
1957 3264 2118 3336 637
2223 3260 2386 3315 etiam
2420 3259 2490 3315 de
2533 3273 2699 3315 onere
2743 3258 3022 3315 Dominico
3060 3274 3378 3329 prosequar,
3408 3260 3552 3329 quod
3586 3259 3800 3328 quidem

549 3362 726 3434 (Deest
771 3362 980 3432 pagina.
1040 3360 1283 3432 Sequitur
1331 3361 1723 3431 fragmentum.)
1765 3397 1781 3413 .
1824 3397 1838 3411 .
1882 3397 1897 3411 .
1939 3396 1953 3410 .
1997 3396 2014 3412 .
2053 3357 2123 3412 de
2223 3349 2523 3418 hujusmodi
2550 3357 2651 3415 est,
2681 3357 2742 3405 ut
2761 3350 3059 3406 cervicibus
3084 3351 3281 3406 nostris
3305 3359 3655 3419 peccatorum
3682 3366 3800 3406 om-

549 3451 747 3507 dolosis
774 3450 1062 3518 simplices,
1099 3449 1165 3504 de
1198 3448 1466 3504 iracundis
1502 3446 1767 3517 placidos,
1797 3445 2025 3500 humiles
2057 3445 2125 3499 de
2180 3443 2369 3497 «cuium
2403 3442 2613 3512 pondus
2647 3444 2885 3497 avertat?
2926 3440 3074 3497 Onus
3112 3443 3254 3498 enim
3297 3441 3495 3498 Christi
3539 3442 3800 3512 pudicitia

550 3544 810 3616 superbis.
844 3540 1034 3598 Relicit
1056 3556 1203 3610 ergo.
1236 3541 1345 3596 imo
1372 3538 1562 3595 refacit
1596 3552 1694 3592 nos
1719 3535 1978 3602 Christus,
2002 3551 2124 3592 cum

552 3643 641 3690 aut
665 3633 1024 3692 severioribus
1066 3631 1283 3686 monitis
1318 3628 1699 3687 committenda
1727 3628 1982 3697 praevenit
2005 3640 2120 3682 see-

554 3724 683 3790 lera,
706 3731 800 3779 aut
821 3722 1159 3790 indulgentiae.
1177 3737 1286 3775 suae
1308 3734 1529 3774 munere
1556 3725 1861 3788 perpetrata
1881 3717 2126 3772 remittit.

556 3814 760 3882 Tollite,
788 3813 880 3878 ait,
897 3813 1079 3883 jugmn
1099 3827 1265 3864 nicum
1286 3827 1437 3879 super
1457 3826 1565 3876 vos,
1592 3818 1642 3861 et
1659 3808 1840 3862 discite
1859 3825 1891 3860 α
1912 3825 1992 3862 me
2009 3809 2129 3879 quia

556 3905 693 3958 utilis
722 3921 833 3957 sum
861 3913 911 3956 et
933 3903 1140 3955 Immitis
1168 3901 1319 3955 corde
1355 3900 1566 3970 (Matth.
1590 3900 1686 3970 χι).
1716 3899 1856 3954 Vere
1881 3901 2025 3955 mitis
2048 3907 2132 3954 e-t

557 3994 819 4051 Christus.
850 3993 975 4061 quia
1003 3992 1071 4045 ob
1101 3992 1205 4045 hoc
1231 3990 1509 4045 descendit
1534 3990 1599 4044 de
1629 3989 1793 4057 caelo,
1821 3997 1878 4044 ut
1903 4005 2001 4059 per
2029 4005 2127 4059 op-

557 4082 771 4152 probria
799 4081 1121 4151 injuriasque
1146 4095 1269 4135 suas
1293 4079 1631 4149 peccantibus
1656 4094 1868 4149 semper
1893 4078 2132 4133 mortali-

559 4175 659 4227 bus
687 4171 1064 4240 indulgentiam
1094 4170 1394 4238 largiretur.
1420 4167 1487 4223 Et
1513 4184 1635 4224 rere
1660 4175 1744 4224 est
1780 4168 2013 4236 humilis,
2042 4169 2131 4238 qui

561 4271 619 4316 ut
648 4262 781 4317 mori
825 4277 927 4332 pro
968 4260 1195 4314 mortuis
1236 4267 1437 4329 posset,
1467 4260 1735 4315 carnalem
1762 4259 1861 4315 sibi
1889 4258 2134 4329 dignatus

557 4362 641 4409 est
666 4353 978 4409 consociare
1004 4361 1268 4407 naturam.
1301 4350 1445 4405 Mitis
1474 4368 1604 4413 sum,
1637 4352 1827 4421 inquit,
1856 4360 1907 4406 et
1931 4351 2134 4406 Immitis

557 4446 730 4502 corde.
772 4443 949 4500 Corde
983 4459 1043 4499 se
1086 4459 1205 4499 esse
1248 4443 1501 4497 humilem
1542 4441 1797 4497 Dominus
1835 4443 2135 4512 proﬁtetur,

2225 3544 2327 3600 est,
2353 3550 2490 3589 onus
2513 3534 2710 3591 Christi
2738 3534 3011 3589 humilitas
3031 3542 3132 3601 est,
3160 3549 3298 3591 onus
3316 3531 3514 3590 Christi
3543 3533 3801 3604 patientia

2227 3636 2329 3693 est,
2355 3641 2491 3683 onus
2511 3624 2709 3680 Christi
2745 3632 3088 3695 contemptus
3114 3633 3197 3681 est
3223 3624 3429 3691 mundi,
3458 3633 3516 3680 et
3542 3639 3646 3694 pro
3670 3639 3804 3680 eon-

2229 3717 2458 3772 fessione
2504 3714 2732 3770 nominis
2762 3714 2877 3784 ejus
2904 3714 3053 3770 beati
3096 3722 3361 3769 tormenta
3390 3713 3657 3785 martyrii.
3684 3711 3803 3770 Hac

2229 3810 2405 3877 nobis,
2430 3807 2642 3874 fratres,
2671 3807 3023 3862 saluberrima
3061 3806 3187 3861 vita:
3232 3821 3398 3862 onera
3426 3805 3677 3860 Salvator
3703 3804 3803 3859 im—

2229 3899 2401 3969 ponit,
2428 3912 2495 3950 ne
2522 3896 2812 3951 mortiferis
2853 3895 3035 3950 mundi
3062 3895 3222 3965 hujus
3257 3894 3583 3966 ponderibus
3606 3895 3805 3949 obrua-

2232 4002 2369 4041 mur.
2403 3984 2575 4053 Atque
2616 3984 2737 4038 ideo
2778 3982 3141 4038 devotioribus
3179 3982 3370 4039 studiis
3405 3983 3584 4052 capita
3623 3989 3807 4037 nostra

2228 4078 2354 4146 juga
2375 4075 2679 4143 evangelica
2699 4073 3090 4139 submittamus,
3116 4072 3458 4143 subjiciamus
3479 4081 3538 4127 et
3554 4072 3806 4127 humeros

2234 4178 2446 4225 nostros
2461 4168 2861 4224 delectabilibus
2879 4174 3076 4223 sanctae
3090 4165 3512 4222 conversationis
3531 4164 3805 4225 oneribus,

2233 4269 2493 4331 quatenus
2539 4259 2879 4329 omnipotens
2924 4273 3023 4313 nos
3066 4258 3208 4313 Deus
3245 4265 3430 4312 noster
3463 4271 3495 4310 a
3522 4255 3808 4311 durissimo

2233 4352 2509 4410 diabolica:
2532 4349 2854 4420 captivitatis
2877 4348 3008 4418 jugo
3043 4358 3099 4403 et
3138 4347 3206 4402 ab
3236 4361 3404 4402 onere
3442 4345 3653 4401 misera:
3690 4360 3808 4399 ser-

2235 4444 2419 4497 vitutis
2434 4484 2448 4506 ,
2472 4449 2533 4495 ut
2559 4455 2687 4495 vere
2708 4440 2881 4494 bonus
2908 4446 2965 4492 et
2990 4445 3051 4493 ut
3071 4453 3198 4494 vere
3220 4437 3364 4493 mitis
3383 4451 3575 4492 eruere
3591 4442 3650 4490 et
3673 4435 3808 4489 libe‘

559 4537 677 4605 quia
712 4536 799 4591 illa
836 4549 963 4589 vere
989 4532 1257 4588 humilitas
1284 4539 1470 4586 sancta
1498 4540 1599 4595 est,
1626 4546 1744 4599 qua:
1772 4531 1839 4586 de
1866 4532 2127 4601 religiosa:
2159 4529 2207 4587 ἶ)
2233 4547 2351 4588 rare
2375 4532 2639 4600 dignetur.

1908 4665 2177 4728 SERMO
2217 4666 2434 4730 CXIV.

838 4788 1006 4858 Super
1028 4787 1120 4842 illa
1150 4784 1298 4842 verba
1327 4785 1593 4858 Evangelii
1615 4801 1633 4840 :
1666 4784 1791 4851 Quis
1820 4796 1967 4857 putas
1996 4782 2165 4856 major
2191 4786 2289 4842 erit
2317 4790 2367 4843 in
2386 4803 2539 4858 regno
2561 4785 2838 4840 caelorum?
2862 4792 2966 4842 etc.
2994 4786 3186 4841 Matth.
3217 4802 3332 4857 cap.
3367 4803 3508 4841 mn.

864 4909 869 4912 ο
1987 4893 2373 4951 ADMONlTlO.

633 5009 691 5063 lu
734 5010 874 5064 hunc
912 5008 1413 5080 Evangelii‘locum
1437 5009 1688 5080 bomiliaa,
1735 5008 2136 5080 cujus__initium
2159 5017 2299 5080 est;
2326 5008 2387 5063 Si
2414 5010 2688 5080 diligenter
2725 5011 2943 5064 audistis
2989 5011 3332 5080 evangelicum
3360 5010 3816 5080 lectionemque"

563 5093 723 5146 quam
752 5095 896 5132 num.
927 5078 1016 5141 85,
1046 5077 1150 5134 col.
1182 5077 1290 5133 283
1325 5078 1483 5145 hujus
1510 5078 1797 5133 voluminis
1829 5077 2110 5143 edidimus,
2151 5078 2208 5133 S.
2251 5077 2540 5133 Maximum
2575 5087 2849 5134 auctorem
2879 5095 2997 5134 esse
3027 5077 3219 5135 ibidem
3258 5080 3606 5135 ostendimus.
3653 5079 3816 5147 Igitur

562 5156 615 5230 et
645 5147 732 5199 hic
758 5162 937 5230 sermo
966 5148 1141 5230 cidem
1172 5149 1620 5230 tribuendusest;
1651 5147 1807 5230 quod
1828 5147 2104 5230 humilium
2129 5164 2251 5230 cum
2282 5149 2627 5230 inscriptione
2655 5168 2668 5204 :
2701 5148 2834 5204 Item
2873 5149 3009 5204 unde
3044 5167 3220 5221 supra,
3264 5149 3317 5203 in
3356 5148 3575 5205 laudato
3617 5150 3819 5223 ibidem

564 5216 911 5270 Casanatensi
936 5219 1120 5274 codice
1148 5227 1423 5288 sequatur,
1452 5214 1717 5287 similique
1745 5218 1814 5273 sit
1841 5216 2104 5272 scribendi
2134 5220 2344 5273 ratione
2373 5214 2669 5274 confectus.
3105 5214 3117 5221 ⁷
3210 5214 3215 5215 ί
3786 5214 3795 5223 “

567 5373 1253 5445 “cuneatum—Statum
1281 5377 1334 5429 in
1364 5376 1529 5429 medio
1550 5390 1725 5445 puero,
1755 5371 2007 5445 Dominus
2032 5374 2137 5427 rult

636 5453 691 5496 ut
727 5444 883 5498 simili
912 5445 1144 5510 exemplo
1184 5445 1295 5498 sine
1320 5445 1520 5499 malitia
1551 5443 1612 5498 et
1643 5445 1753 5498 sine
1793 5443 1911 5498 dolo
1948 5445 2001 5496 in
2034 5459 2136 5497 sa:-

634 5515 748 5583 culo
776 5514 1013 5583 prcesenti
1044 5514 1285 5583 vivamus.
1321 5511 1640 5568 Patriarcha:
1665 5524 1714 5567 et
1740 5512 1959 5583 apostoli
1992 5513 2135 5583 pueri

637 5599 670 5634 α
711 5581 1318 5652 υοηιὶηοίηρρινιιαηιιιν,
1357 5600 1568 5652 quorum
1615 5581 2135 5652 exemplumimitari

638 5650 889 5709 debemus.
933 5650 1012 5707 De
1056 5651 1194 5706 mola
1235 5650 1470 5704 asinaria
1508 5650 1865 5720 suspendenda
1909 5650 1961 5704 in
2005 5650 2136 5706 collo

2304 5375 2608 5500 iugulatum
2630 5377 2959 5446 facientium;
2982 5374 3334 5429 hazrelirorum
3353 5376 3647 5442 cumprimis
3668 5384 3820 5444 atque

2343 5463 2374 5499 ιι
2413 5462 2624 5500 ararum.

2343 5462 2624 5502 usurarum.

2309 5558 2618 5625 lgnorantes
2646 5555 2819 5610 adhuc
2846 5554 3088 5622 discipuli
3123 5561 3320 5621 quanta
3354 5563 3495 5608 esset
3523 5551 3688 5621 gloria
3716 5551 3819 5605 hu-

2238 5648 2495 5709 militatis,
2524 5647 2591 5702 de
2622 5644 2796 5700 meriti
2830 5644 2912 5700 sui
2945 5643 3025 5699 vel
3056 5642 3282 5699 honoris
3309 5641 3611 5714 praelatioue
3640 5650 3818 5697 certa-
