4054 6194
213 359 315 418 737

1601 350 1829 409 SERMO
1867 347 2042 408 CXIV.

3360 365 3476 422 75$

215 473 361 533 bant,
393 470 633 525 dicentes
660 469 727 523 ad
754 467 1036 524 Dominum
1066 486 1078 521 :
1111 465 1236 532 Quis
1274 477 1421 538 putas
1452 468 1618 536 major
1637 475 1712 518 est
1735 466 1790 518 in
1819 467 1866 523 Α
1895 465 2006 533 ejus
2035 461 2187 533 (lsai.
2218 461 2311 532 ιιι).
2346 462 2471 517 huic
2500 477 2730 532 namque
2757 463 2920 518 etiam
2941 459 3039 517 SS.
3072 461 3386 530 patriarcha:
3413 474 3462 518 et

213 573 373 628 regno
401 558 642 611 calorum
671 555 881 626 (Matth.
911 557 1090 624 xvm)?
1110 555 1516 610 Contentionem
1545 553 1792 622 discipuli

213 645 487 698 habebant
523 644 644 713 quis
684 641 854 710 major
889 651 1032 698 esset
1069 643 1122 696 in
1160 658 1327 711 regno
1365 643 1639 704 caelorum,
1668 657 1790 696 cum

215 733 332 788 sine
355 733 520 787 dubio
550 734 686 801 apud
721 733 883 785 Deum
915 733 1002 786 ille
1029 733 1202 801 major
1225 733 1482 787 habeatur
1500 733 1588 800 qui
1611 731 1789 786 humi-

215 825 316 878 lior
345 825 528 890 fuerit,
557 825 766 879 dicente
792 825 907 893 ipso
931 844 942 876 :
971 823 1071 888 Qui
1094 841 1149 878 se
1165 824 1468 878 exultaverit
1494 824 1790 878 ltumiliabi-

217 924 314 978 tur,
333 923 384 966 et
399 915 482 984 qui
501 931 556 967 se
577 914 912 968 humiliaverit
931 914 1242 968 exaltabitur
1258 913 1466 986 (Matth.
1487 915 1658 985 mn).
1675 913 1788 968 Uu-

213 1005 280 1058 de
306 1021 415 1058 non
445 1006 712 1060 immerito
739 1005 802 1058 ad
830 1005 1205 1074 amputandam
1234 1005 1536 1074 hujusmodi
1560 1005 1790 1075 discipu-

215 1095 387 1150 lorum
415 1113 636 1151 suorum
659 1113 762 1151 non
789 1097 1143 1152 necessariam
1166 1098 1591 1152 contentionem:
1619 1097 1787 1152 Voca-

215 1185 302 1249 rit,
335 1185 526 1256 inquit,
556 1186 707 1240 Jesus
739 1203 966 1256 puerum,
997 1195 1045 1240 et
1074 1188 1250 1240 statuit
1277 1203 1390 1240 eum
1419 1187 1470 1241 in
1500 1188 1668 1248 medio
1702 1205 1791 1242 eo-

213 1296 326 1332 rum
355 1288 404 1332 et
433 1279 600 1332 dixit:
631 1280 790 1332 Amen
815 1279 928 1332 dico
949 1281 1233 1341 eobis,misi
1259 1280 1489 1333 conuersi
1519 1281 1719 1350 {ueritis
1739 1288 1788 1333 et

212 1372 519 1440 efﬁciamini
547 1372 677 1424 sicut
695 1372 860 1438 pueri,
888 1389 989 1426 non
1010 1372 1268 1426 intrabitis
1291 1373 1344 1425 in
1365 1388 1519 1442 regno
1549 1373 1788 1426 caelorum

216 1461 431 1530 (Matth.
459 1463 627 1531 mu).
660 1463 870 1518 Statuto
901 1465 952 1518 in
990 1465 1165 1518 medio
1193 1480 1359 1533 puero
1388 1465 1454 1520 ad
1482 1465 1785 1534 exemplum

215 1554 382 1621 ipsius
411 1552 666 1608 Dominus
687 1554 971 1623 discipulos
989 1554 1317 1619 adhortatur,
1343 1555 1626 1610 ostendens
1645 1556 1789 1623 quod

213 1644 254 1697 si
273 1644 638 1713 unusquisque
661 1646 798 1698 sicut
814 1659 942 1713 puer
961 1643 1180 1699 effectus
1195 1661 1301 1698 non
1325 1643 1500 1706 fuerit,
1521 1645 1718 1698 intrare
1733 1645 1785 1698 in

214 1748 435 1802 regnum
460 1735 714 1789 cmlorum
739 1750 844 1788 non
866 1734 1048 1803 possit.
1068 1733 1173 1788 Sed
1195 1749 1299 1788 non
1316 1734 1510 1788 idcirco
1533 1734 1786 1788 Dominus

1893 551 2122 620 apostoli
2151 567 2180 604 a
2222 551 2444 606 Domino
2492 553 2643 622 pueri
2671 551 2960 623 uuncupati
2985 557 3144 615 sunt,
3172 549 3468 605 secundum

1891 641 2035 711 quod
2075 643 2332 712 scriptum
2361 643 2426 696 de
2455 644 2584 712 ipsis
2630 643 2852 712 legimus
2882 660 2895 695 :
2926 640 3061 695 Ecce
3097 657 3188 711 ego
3230 649 3282 694 et
3317 647 3481 709 putri,

1889 751 2015 806 quos
2049 735 2188 789 dedit
2235 735 2358 788 mihi
2408 735 2654 788 Dominus
2688 733 2841 804 (lsai.
2869 733 3011 804 Vill),
3042 735 3164 801 quia
3206 738 3478 800 tanquam.

1890 825 2041 895 pueri
2071 826 2184 880 sine
2209 825 2352 888 dolo,
2377 826 2491 880 sine
2512 826 2712 906 ma‘litin
2738 831 3162 894 permanserunt.
3188 823 3458 876 imitemur

1890 915 2050 982 igitur
2078 915 2376 983 hujusmodi
2409 932 2694 985 puerorum
2723 915 3044 986 exemplum,
3099 915 3152 969 id
3203 921 3286 968 cst
3337 931 3454 967 οιιι-

1889 1007 2035 1060 ninm
2061 1013 2393 1072 sanctorum,
2421 1015 2478 1059 ut
2507 1008 2558 1059 in
2615 1020 2778 1072 regno
2807 1006 3062 1060 ctelorum
3102 1005 3300 1059 intrare
3335 1017 3459 1058 cum

1889 1096 2017 1166 ipsis
2043 1111 2360 1150 mereamur.
2381 1095 2654 1150 Imitemur
2670 1096 2834 1165 ipsius
2851 1095 3058 1149 Domini
3080 1094 3468 1158 humilitatem,

1887 1188 1979 1256 qui
2007 1188 2191 1243 salutis
2221 1196 2414 1242 nostrm
2444 1203 2607 1242 causa
2648 1203 2780 1258 puer
2801 1202 2918 1242 esse
2946 1186 3219 1252 dignatus,
3252 1193 3310 1238 ut
3337 1200 3454 1238 cum

1890 1281 2004 1349 ipso
2027 1293 2251 1347 regnare
2271 1282 2434 1350 690
2461 1280 2746 1349 possimus.
2783 1279 2846 1332 Et
2875 1279 3066 1333 merito
3090 1277 3291 1332 addidit
3315 1295 3327 1329 :
3354 1272 3456 1341 Qui

1887 1379 2054 1423 autem
2095 1372 2280 1440 accipit
2309 1387 2469 1423 unum
2518 1370 2674 1423 talem
2711 1387 2924 1440 puerum
2961 1369 3016 1423 in
3061 1369 3268 1422 nomine
3301 1384 3410 1420 meo
3437 1404 3471 1430 ,,

1889 1476 1967 1512 me
1986 1460 2200 1528 accipit,-
2232 1459 2518 1514 ostendens
2545 1459 2688 1527 quod
2714 1460 3019 1528 quicunque
3047 1474 3258 1513 servum
3291 1455 3456 1510 fideli-

1889 1559 1970 1604 ter
1991 1551 2298 1606 credentem
2328 1551 2379 1604 in
2425 1550 2658 1612 Christo,
2689 1559 2745 1604 et
2788 1549 3079 1604 secundum
3119 1548 3269 1617 pueri
3300 1547 3457 1600 inno-

1888 1643 2116 1694 centiam
2147 1643 2411 1696 viventem
2449 1643 2683 1710 recepit,
2708 1656 2766 1695 se
2805 1641 3044 1709 recipiat.
3077 1639 3134 1694 ln
3158 1637 3308 1707 cujus
3333 1652 3456 1692 sus-

1886 1733 2134 1799 ceptione
2163 1732 2360 1785 idcirco
2389 1747 2447 1786 se
2475 1733 2639 1800 recipi
2664 1732 2917 1785 Dominus
2945 1730 3100 1791 dixit,
3135 1744 3202 1783 ne
3223 1729 3455 1798 aliquem

213 1824 518 1894 exemplum
548 1840 834 1893 puerorum
867 1825 1063 1888 attulit,
1096 1824 1179 1878 vel
1207 1824 1327 1879 ideo
1361 1823 1501 1879 efﬁci
1539 1840 1638 1878 nos
1667 1835 1781 1880 tan-
1815 1813 1860 1871 B
1888 1823 2190 1890 hujusmodi
2220 1838 2431 1877 servum
2457 1824 2549 1877 Dei
2579 1824 2849 1877 humiliter
2877 1824 3144 1877 viventem
3174 1830 3458 1890 contempo

209 1928 372 1981 quam
414 1929 610 1982 pueros
634 1912 804 1981 jubet,
837 1921 895 1968 ut
920 1921 1077 1968 astate
1106 1914 1284 1983 pueris
1321 1914 1633 1982 similemur,
1663 1933 1782 1970 cum

209 2007 377 2075 633
405 2016 534 2059 (etas
552 2005 660 2074 jam
682 2006 860 2061 senior
884 2023 1094 2060 rursum
1118 2008 1182 2061 ad
1205 2007 1455 2061 infantem
1480 2008 1654 2061 redire
1679 2026 1782 2063 non

210 2097 412 2164 possit;
459 2096 555 2150 sed
600 2105 656 2150 nt
703 2096 982 2152 infantiam
1028 2113 1317 2166 puerorum
1342 2108 1396 2151 ct
1425 2100 1782 2154 innocentiam

212 2186 504 2240 imitemur.
549 2187 703 2242 Novit
761 2189 951 2242 beatus
1003 2189 1290 2258 Apostolus
1337 2190 1782 2258 quemadmodum

212 2276 366 2343 pueri
398 2292 514 2330 esse
560 2293 588 2330 a
634 2277 858 2332 Domino
880 2277 1165 2346 jubeamur
1210 2294 1331 2334 cum
1387 2279 1513 2332 dicit
1551 2298 1562 2332 :
1609 2277 1787 2333 Nolite

210 2368 360 2434 pueri
389 2369 513 2436 eﬂici
536 2369 784 2434 sensibus,
813 2369 904 2422 sed
926 2370 1127 2422 malitia
1153 2369 1350 2438 parvuli
1377 2379 1553 2432 estote,
1585 2379 1640 2422 ut
1669 2386 1785 2424 sen-

209 2457 352 2510 sibus
375 2461 584 2527 perfecti
605 2461 716 2512 sitis
747 2461 763 2528 (
785 2459 812 2512 ι
839 2459 956 2514 Cor.
983 2463 1112 2529 xw).
1138 2459 1276 2514 Puer
1304 2462 1446 2515 enim
1477 2462 1559 2515 vel
1589 2477 1782 2530 parvu-

212 2547 297 2602 lus
329 2548 586 2601 malitiam
621 2550 800 2603 seculi
839 2566 945 2604 non
976 2551 1141 2615 novit,
1177 2558 1458 2618 peceatmn
1489 2551 1662 2606 facere
1691 2567 1785 2606 nc-

208 2638 332 2698 :eit,
366 2639 611 2706 proximo
639 2640 836 2693 malum
867 2656 974 2695 non
1000 2649 1272 2711 operatur,
1307 2642 1435 2695 iram
1467 2659 1573 2696 non
1615 2652 1782 2708 tenet,

211 2727 490 2782 neminem
518 2729 647 2790 odit,
698 2729 908 2784 divitias
953 2746 1060 2784 non
1102 2733 1318 2799 qumrit,
1352 2732 1573 2800 gloriam
1603 2733 1784 2786 mundi

211 2816 380 2884 ipsius
409 2834 519 2871 non
543 2820 780 2886 miratur,
822 2830 1023 2891 patrem
1046 2838 1255 2892 semper
1273 2825 1532 2892 sequitur,
1563 2841 1592 2877 a
1615 2834 1785 2880 matre

212 2928 322 2964 non
362 2913 584 2980 recedit.
617 2913 727 2970 l-lac
773 2931 900 2983 ergo
939 2917 1007 2972 de
1051 2932 1211 2972 causa
1239 2918 1351 2972 vult
1389 2935 1486 2973 nos
1530 2919 1786 2975 Dominus

212 3013 470 3072 tanquam
498 3021 691 3075 pueros
717 3007 873 3074 effici,
899 3018 956 3063 ut
982 3010 1139 3064 simili
1168 3012 1412 3080 exemplo
1441 3012 1554 3066 sine
1585 3012 1784 3067 malitia

213 3100 264 3144 et
294 3094 414 3147 sine
443 3093 566 3149 dolo
597 3097 652 3149 in
693 3099 886 3152 smculo
927 3101 1173 3168 praesenti
1202 3101 1460 3156 vivamus.
1494 3101 1782 3157 Peccatum

215 3183 502 3250 fugiamus.
526 3187 720 3242 malum
752 3190 995 3258 proximo
1025 3205 1130 3245 non
1160 3207 1480 3260 operemur;
1523 3193 1654 3246 iram
1677 3209 1784 3248 non
1814 3173 1858 3236 ε

215 3285 520 3341 teneamus,
553 3296 658 3334 non
687 3281 915 3345 divitias,
947 3299 1053 3337 non
1083 3283 1302 3350 gloriam
1341 3285 1519 3340 saeculi
1548 3286 1788 3354 requira-

215 3382 355 3421 mus.
393 3365 605 3424 Patrem
653 3386 860 3441 semper
889 3387 1194 3440 sequamur,
1242 3374 1292 3427 id
1316 3382 1396 3428 est
1426 3375 1613 3441 Deum,
1641 3375 1790 3444 cujus

218 3456 308 3512 lilii
344 3475 443 3527 per
463 3459 800 3530 adoptionem
826 3477 944 3517 esse
967 3463 1080 3531 jam
1125 3465 1402 3533 coepimus,
1430 3483 1456 3518 a
1490 3474 1657 3521 matre
1682 3483 1786 3522 non

217 3549 558 3618 recedamus,
581 3550 631 3604 id
680 3560 759 3606 est
792 3554 858 3607 ab
886 3552 1140 3618 Ecclesia,
1173 3571 1269 3624 per
1293 3573 1450 3625 quam
1490 3557 1600 3611 Deo
1631 3559 1790 3627 spiri-

218 3639 439 3692 tualiter
458 3643 568 3694 nati
597 3658 795 3697 sumus.
823 3643 878 3698 In
901 3645 1056 3713 hujus
1081 3647 1264 3699 matris
1285 3649 1504 3713 gremio,
1540 3657 1790 3718 tanquam

218 3733 432 3797 iarvuli
463 3734 580 3786 sinu
610 3736 774 3802 patris
802 3738 1014 3806 proprie
1053 3739 1327 3792 constituti
1371 3741 1785 3808 requiescamus.

216 3820 392 3889 ilujus
418 3821 613 3877 salubri
658 3825 898 3880 doctrina
927 3828 1163 3895 quotidie
1210 3828 1603 3896 denutriamur,
1633 3840 1690 3884 ut
1739 3832 1791 3886 in

218 3914 324 3966 fide
380 3922 436 3966 et
480 3915 647 3981 gratia
689 3915 936 3986 baptismi
965 3933 1293 3986 crescamus;
1326 3922 1614 3976 secundum
1648 3916 1817 3992 quod'

220 4002 416 4058 Petrus
446 4005 496 4057 in
519 4003 750 4074 Epistola
779 4023 872 4061 sua
904 4017 1128 4064 testatus
1148 4019 1248 4074 est,
1272 4012 1455 4066 dicens
1479 4030 1491 4063 :
1528 4012 1787 4084 Infantes,

217 4097 298 4149 lac
345 4097 604 4161 adamata,
637 4107 690 4149 ut
738 4100 790 4152 in
821 4117 879 4154 eo
926 4102 1166 4154 crescetis
1194 4100 1247 4172 (1
1288 4100 1402 4156 Pet.
1436 4103 1514 4173 ιι).
1547 4100 1792 4158 Ostendit

219 4187 381 4242 nobis
426 4195 484 4242 ct
533 4197 745 4243 sanctus
787 4188 1019 4245 Joannes
1076 4194 1127 4245 in
1156 4191 1392 4261 Epistola
1441 4208 1535 4246 sua
1566 4195 1794 4261 qualiter

221 4279 378 4347 pueri
409 4295 526 4333 es:.e
555 4280 862 4344 debeamus,
888 4298 1006 4336 cum
1035 4282 1162 4338 dicit
1190 4302 1201 4336 :
1235 4283 1414 4338 Scriba
1444 4283 1602 4351 vobis,
1626 4287 1790 4356 pueri,

219 4372 341 4440 quia
362 4373 670 4439 cognovistis
695 4373 957 4443 patrem(l
982 4375 1138 4430 Joan.
1166 4377 1244 4447 ιι).
1278 4375 1333 4430 ln
1364 4377 1468 4432 hoc
1496 4392 1622 4445 ergo
1643 4379 1794 4447 pueri

221 4475 344 4514 esse
399 4461 756 4528 prmeipimur,
808 4471 866 4516 ut
910 4473 1113 4532 patrem
1145 4479 1522 4533 agnoscamus;
1556 4476 1613 4521 ut
1641 4469 1795 4523 inno-

1890 1913 1963 1965 ιιιί
1992 1913 2324 1967 haberemus.
2359 1911 2647 1982 Propterea
2671 1913 2871 1966 addidit
2910 1912 3129 1966 dicens:
3158 1910 3458 1980 Quicunque

1886 2005 2313 2058 scandalizarerit
2357 2023 2516 2059 unum
2561 2006 2626 2058 de
2653 2006 2854 2076 pusillis
2893 2007 3004 2059 isfis
3049 2005 3134 2076 qui
3161 2003 3377 2058 credunt
3403 2005 3458 2059 in

1835 2117 1846 2125 ·
1886 2112 1982 2158 me,
2014 2096 2218 2163 expedit
2240 2096 2285 2148 ei
2311 2105 2367 2148 ut
2393 2096 2735 2164 suspendatur
2772 2096 2906 2148 mola
2950 2096 3181 2147 asinaria
3229 2096 3282 2146 in
3327 2094 3459 2148 collo

1886 2187 2018 2256 ejus,
2047 2195 2096 2239 et
2122 2187 2446 2257 demergatur
2473 2187 2522 2239 in
2546 2187 2858 2256 profundum
2884 2188 3061 2239 maris.
3095 2184 3324 2239 Necesse
3341 2191 3459 2238 erat

1887 2286 1945 2331 ut
1975 2286 2096 2347 post
2123 2279 2394 2347 prmmium
2413 2278 2619 2334 devote
2642 2278 2761 2333 fidei
2791 2277 3156 2332 infidelitatem
3186 2275 3458 2330 damnatio

1886 2376 2217 2435 sequeretur.
2247 2366 2414 2422 Sicuti
2448 2369 2587 2422 enim
2621 2366 2866 2421 lidelibus
2897 2366 3198 2420 hominibus
3231 2363 3458 2419 scanda-

1888 2460 1995 2513 lum
2027 2459 2341 2514 facientibus
2360 2476 2517 2529 paena
2544 2459 2793 2523 debetur,
2823 2467 2876 2513 et
2902 2473 3060 2527 quam
3089 2472 3248 2524 grave
3268 2471 3459 2526 pecca-

1889 2560 2002 2605 tum
2028 2553 2098 2606 sit
2125 2551 2431 2607 scandalum
2469 2551 2664 2616 facere,
2693 2566 2757 2605 ex
2785 2552 2891 2606 hoc
2928 2551 3043 2619 ipso
3066 2549 3476 2617 cognoscimus,
3519 2616 3521 2618 _

1885 2661 2006 2700 cum
2054 2645 2308 2700 Dominus
2335 2645 2590 2714 expedire
2629 2644 2768 2698 dicat
2797 2641 3101 2712 hujusmodi
3148 2640 3370 2707 homini,
3400 2647 3460 2694 ut

1887 2738 2028 2791 mola
2057 2737 2288 2791 asinaria
2319 2752 2577 2805 suspensa
2618 2736 2669 2790 in
2697 2734 2838 2792 collo
2885 2736 3001 2803 ejus
3052 2734 3103 2787 in
3134 2732 3457 2802 profundum

1887 2830 2050 2883 maris
2072 2829 2432 2898 demergatur,
2453 2845 2613 2898 quam
2636 2837 2692 2883 ut
2722 2843 2882 2883 unum
2905 2827 2973 2882 de
2993 2826 3198 2896 pusillis
3224 2825 3277 2879 in
3305 2823 3460 2880 Chri-

1887 2929 1971 2974 sto
1991 2920 2328 2975 credentibus
2346 2920 2688 2976 scandalizet.
2711 2918 2780 2972 Ut
2799 2924 3070 2988 prmvento
3086 2916 3288 2986 peccati
3311 2929 3462 2970 scan-

1887 3010 2008 3064 dalo
2037 3010 2363 3080 hujusmodi,
2393 3010 2437 3066 si
2467 3009 2578 3066 ﬁeri
2602 3016 2794 3080 potest,
2819 3009 2919 3064 hac
2936 3006 3289 3072 sententia,in
3317 3020 3464 3076 pra:-

1887 3101 2027 3155 senti
2053 3102 2161 3155 vita
2183 3103 2298 3156 sine
2346 3101 2601 3176 seandalo
2629 3103 2836 3164 vivere,
2867 3115 3027 3168 quam
3057 3114 3177 3154 cum
3203 3096 3462 3153 seandalo

1892 3209 2100 3262 pinnam
2120 3202 2374 3246 aeternam
2423 3194 2560 3246 illius
2601 3195 2787 3248 mortis
2822 3193 3067 3248 malimus
3091 3193 3378 3246 incurrere.
3403 3189 3463 3245 Si

1891 3283 2050 3351 igitur
2078 3283 2179 3336 hoc
2207 3283 2462 3336 Dominus
2490 3282 2556 3336 de
2583 3298 2648 3336 eo
2688 3283 2778 3350 qui
2829 3298 2988 3336 unum
3028 3283 3354 3336 scandalizat
3393 3281 3462 3337 de

1891 3376 2096 3445 pusillis
2141 3375 2394 3444 loquitur,
2425 3389 2584 3444 quam
2636 3383 2884 3444 putamus
2933 3389 3146 3443 pmnam
3185 3373 3464 3428 habituros

1891 3465 2190 3528 haereticos,
2217 3465 2306 3533 qui
2329 3480 2426 3534 per
2446 3479 2662 3534 pravam
2686 3471 2740 3518 et
2760 3463 3016 3534 perfidam
3032 3463 3328 3518 doctrinam
3354 3477 3461 3516 non

1893 3555 2002 3620 nni,
2052 3555 2146 3609 sed
2201 3555 2419 3624 integra:
2466 3553 2719 3610 Ecclesiae
2769 3554 3075 3609 scandalum
3131 3551 3463 3616 faciuntl‘Et

1893 3647 2135 3717 quamvis
2160 3647 2361 3702 dictum
2388 3647 2491 3701 hoc
2520 3646 2731 3701 Domini
2760 3645 2825 3700 de
2867 3645 3009 3699 mola
3038 3644 3268 3698 asinaria
3297 3643 3459 3698 etiam

1892 3740 2200 3808 simpliciter
2223 3739 2392 3809 possit
2416 3739 2655 3808 intelligi,
2674 3745 2850 3792 tamen
2872 3736 3157 3792 secundum
3184 3735 3460 3806 mysticam

1895 3830 2155 3884 rationem
2186 3831 2236 3884 in
2265 3829 2652 3898 significatione
2678 3828 2834 3883 mola:
2857 3827 3097 3882 asinaria:
3120 3826 3236 3896 plus
3265 3823 3466 3895 aliquid

1895 3928 2072 3989 potest
2101 3920 2344 3988 intelligi.
2369 3919 2628 3973 Animalia
2651 3934 2768 3988 qua:
2794 3918 2862 3972 ad
2883 3917 3078 3972 molam
3097 3916 3246 3985 jungi
3269 3916 3471 3981 solent,

1896 4011 2106 4065 clausos
2135 4010 2320 4064 oculos
2341 4011 2540 4064 habere
2573 4017 2984 4064 consueverunt.
3019 4006 3170 4063 Unde
3208 4007 3364 4061 mola:
3393 4007 3471 4061 si-

1897 4101 2237 4168 gnificatione
2263 4101 2414 4154 labor
2451 4101 2571 4154 vita:
2599 4101 2876 4168 praesentis
2897 4100 3210 4154 ostenditur.
3238 4097 3292 4152 ln
3318 4099 3470 4153 asino

1900 4209 2028 4247 vero
2057 4193 2269 4260 gentilis
2310 4192 2473 4245 homo
2503 4199 2848 4256 monstratur,
2896 4191 2987 4260 qui
3016 4192 3133 4244 sine
3162 4191 3471 4256 cognitione

1903 4285 1995 4338 Dei
2024 4293 2079 4338 et
2112 4284 2308 4337 lumine
2333 4281 2457 4335 fidei
2481 4290 2730 4349 tanquam
2761 4296 2960 4336 emcnm
2983 4281 3181 4334 animal
3211 4281 3261 4332 in
3285 4281 3472 4334 labore

1899 4375 2079 4429 smculi
2099 4373 2246 4427 vivit.
2273 4370 2599 4426 Profundum
2628 4387 2754 4425 vero
2785 4371 2945 4424 maris
2973 4367 3290 4439 profundum
3320 4383 3471 4423 erro-

1902 4480 2013 4518 rem
2042 4463 2243 4517 mundi.
2269 4461 2335 4516 Et
2364 4461 2482 4516 ideo
2505 4461 2640 4516 bene
2669 4461 2802 4514 dixit
2823 4460 3074 4530 expedire
3097 4459 3186 4512 tali
3214 4459 3303 4529 qui
3323 4473 3473 4518 scan~

220 4557 412 4602 centes
440 4558 496 4602 et
523 4551 790 4619 simplices
818 4554 955 4607 sicut
983 4555 1246 4610 columbae
1274 4557 1327 4610 in
1354 4557 1457 4612 hoc
1491 4559 1689 4614 mundo
1720 4561 1797 4614 vi-
1823 4529 1876 4590 D
1901 4555 2080 4610 dalum
2111 4554 2236 4610 facit
2264 4555 2463 4610 molam
2493 4555 2778 4609 asinariam
2818 4553 3075 4624 suspendi
3115 4553 3166 4607 in
3195 4552 3334 4607 collo
3355 4550 3472 4620 ejus

219 4653 434 4692 vamus.
470 4641 666 4695 Volens
713 4644 868 4712 igitur
912 4645 1164 4701 Dominus
1191 4647 1491 4717 hujusmodi
1543 4652 1596 4704 in
1645 4653 1798 4707 nobis

221 4747 345 4786 esse
373 4733 774 4789 similitudinem
804 4752 1235 4805 puerorum,non
1265 4741 1530 4795 immerito
1547 4743 1797 4811 prtesenti

220 4823 344 4876 loco
379 4824 449 4876 ait
485 4842 496 4875 :
531 4822 650 4878 Nisi
672 4828 898 4880 conversi
925 4829 1213 4898 e/ﬁciamiui
1241 4832 1371 4884 sicut
1399 4834 1562 4901 pueri,
1590 4850 1689 4886 non
1721 4835 1801 4887 in-

219 4913 429 4967 trabitis
476 4916 528 4968 in
558 4933 768 4986 regnum
796 4921 1052 4973 caelorum.
1090 4920 1385 4993 Quicunque
1414 4940 1532 4993 ergo
1564 4925 1804 4978 humilia-

220 5008 350 5058 εει-ιε
391 5023 443 5058 se
489 5007 618 5060 sicut
645 5025 772 5076 puer
800 5011 926 5077 iste,
956 5012 1037 5065 hic
1069 5013 1236 5083 major
1262 5014 1416 5076 estin
1463 5033 1620 5085 regno
1649 5017 1800 5070 σαλίο-

219 5114 359 5149 rum.
389 5095 522 5150 Eum
562 5113 689 5166 ergo
717 5100 974 5168 majorem
1002 5103 1055 5156 in
1082 5116 1248 5170 regno
1273 5106 1531 5159 caelorum
1568 5107 1800 5161 futurum

216 5187 506 5241 evidenter
545 5188 800 5243 Dominus
829 5191 1152 5256 manifestat,
1184 5194 1485 5263 quicunque
1532 5197 1801 5251 humilita—

216 5285 332 5332 tem
367 5287 423 5332 et
471 5279 827 5336 innocentiam
877 5285 1026 5352 pueri
1073 5285 1235 5339 fuerit
1263 5287 1516 5342 imitatus.
1563 5288 1801 5358 Denique

219 5369 341 5438 ipse
375 5369 646 5435 Dominus,
671 5381 729 5426 ut
753 5374 904 5428 nobis
933 5375 1172 5443 perfecte
1201 5391 1268 5429 ex
1297 5391 1354 5430 se
1376 5379 1676 5448 exetnplum
1704 5379 1803 5433 hu-

215 5460 474 5513 militatis
501 5462 826 5530 ostenderet,
857 5465 1017 5518 etiam
1041 5466 1152 5534 ipse
1181 5475 1452 5536 assumpta
1477 5484 1638 5523 carne
1667 5468 1804 5524 efﬁci

220 5566 367 5619 puer
393 5551 644 5617 dignatus
674 5563 774 5617 est,
806 5555 1096 5610 secundum
1127 5557 1270 5625 quod
1322 5559 1577 5628 scriptum
1626 5559 1691 5614 de
1738 5575 1802 5614 eo

219 5642 459 5708 legimus
481 5660 493 5694 :
520 5641 777 5706 Quoniam
798 5664 921 5715 puer
950 5657 1098 5706 natus
1119 5658 1195 5702 est
1219 5649 1382 5715 nobis,
1409 5659 1460 5704 et
1486 5650 1624 5720 [ilius
1647 5652 1802 5706 datus

216 5726 299 5791 est
357 5738 525 5801 nobis,
568 5741 712 5809 cujus
740 5741 1008 5810 imperium
1038 5742 1232 5811 factum
1260 5751 1334 5798 est
1365 5759 1516 5813 super
1563 5744 1795 5800 humeros

1901 4657 1956 4705 et
1985 4649 2219 4717 demergi
2246 4649 2297 4702 in
2341 4649 2659 4718 profundum
2689 4648 2869 4701 maris.
2899 4647 2954 4700 In
2985 4662 3090 4716 quo
3120 4645 3347 4700 maxime
3375 4643 3472 4698 Ju-

1902 4743 2073 4798 d-.cum
2122 4740 2422 4808 significare
2471 4741 2701 4808 videtur,
2749 4741 2838 4808 qui
2871 4739 2935 4793 de
2973 4753 3128 4792 cruce
3157 4735 3372 4800 Christi,
3404 4733 3473 4794 de

1903 4831 2282 4902 praedicatione
2312 4830 2540 4884 nominis
2569 4829 2682 4897 ejus
2709 4827 3018 4883 scandalum
3058 4826 3165 4896 pati
3197 4823 3474 4892 cognosci~

1905 4930 2008 4975 tur.
2042 4921 2174 4974 lluic
2200 4934 2326 4987 ergo
2369 4919 2458 4972 tali
2509 4918 2803 4986 expediret,
2835 4919 2877 4972 si
2931 4919 2981 4971 in
3021 4917 3256 4970 excitate
3278 4915 3475 4971 erroris

1907 5013 2118 5082 gentilis
2146 5010 2308 5065 veluti
2332 5011 2381 5064 in
2412 5008 2728 5080 profundum
2761 5009 2920 5063 maris
2941 5008 3215 5062 demersus
3235 5021 3476 5062 versare-

1909 5113 2010 5170 tur,
2043 5119 2202 5174 quam
2231 5101 2330 5156 sub
2359 5100 2732 5171 praedicatione
2779 5099 2928 5166 legis,
2958 5113 3054 5168 per
3100 5113 3259 5166 quam
3295 5097 3476 5152 lumen

1908 5195 2147 5250 veritatis
2175 5209 2465 5261 agnoscere
2515 5207 2572 5246 se
2599 5191 2809 5244 Judzeus
2837 5190 3125 5252 existimat,
3158 5187 3230 5243 de
3265 5189 3478 5244 Christo

1909 5290 1995 5342 vel
2017 5285 2273 5356 apostolis
2294 5284 2426 5352 ejus,
2451 5299 2585 5351 quos
2607 5281 2858 5352 parvulos
2887 5280 3139 5350 appellat,
3168 5279 3478 5335 scandalum

1909 5387 2208 5450 pateretur;
2238 5377 2361 5444 quia
2392 5374 2594 5429 facilius
2622 5381 2701 5426 est
2721 5371 3109 5441 gentilemsine
3133 5371 3248 5439 lege
3269 5371 3480 5426 Christo

1910 5487 2012 5525 non
2031 5469 2269 5532 credere,
2305 5484 2463 5537 quam
2489 5465 2728 5519 Judmum
2759 5464 3023 5518 viventem
3053 5464 3150 5517 sub
3171 5463 3306 5530 lege,
3349 5461 3480 5529 legis

1909 5564 2073 5633 ipsius
2094 5561 2373 5616 Dominum
2403 5558 2686 5622 denegare.
2722 5555 3010 5610 Possumus
3049 5564 3226 5608 autem
3259 5553 3309 5606 in
3341 5554 3480 5606 mola

1910 5651 2137 5708 asinaria
2167 5650 2325 5704 etiam
2355 5648 2460 5701 duo
2490 5646 2829 5701 Testamenta
2861 5644 3157 5712 significata
3201 5643 3354 5711 691
3387 5655 3479 5693 co-

1909 5757 2186 5819 gnoscere,
2225 5755 2322 5810 per
2370 5754 2486 5809 quae
2535 5737 2898 5808 unusquisque
2926 5734 3230 5792 scandalum
3282 5728 3479 5784 faciens
