4054 6194
537 388 632 446 ’ΠΙ
1755 387 1809 442 S.
1852 389 1943 443 MA
1952 388 2094 442 XIMI
2133 387 2580 443 TAURINENSIS

539 513 597 559 et
616 504 917 580 proximum
947 515 1282 580 summopere
1313 500 1986 580 commendet,‘omniaque
2015 499 2130 567 ejus
2157 497 2586 580 mandataﬂhunc.
2604 498 2667 549 ad
2694 496 2855 575 linem
2887 496 3220 578 dirigantur?
3254 497 3452 554 Iudaeis
3490 507 3663 554 autem
3691 516 3783 556 su-

579 566 707 625 erhe
743 572 1065 639 jactantilms
1092 566 1170 621 sc‘
1198 580 1399 636 patron
1430 566 1922 639 habereAbraham
1955 566 2114 635 atque
2155 568 2362 635 signum
2393 567 2475 639 in:
2497 569 2641 639 θυι-ἰς-
2658 566 2771 639 ejus
2798 582 2893 618 sua
2935 567 3199 639 iu_car_ue_
3235 577 3465 639 gestare,
3500 571 3785 639 respo..det

579 589 707 625 crne
743 589 1065 639 JﬂClﬂllUlHlS
1092 589 1147 621 ευ
1198 589 1399 636 μειιπυμ
1432 589 1627 621 ιιιιυςϊυ
1660 589 1922 621 Λυϊίῑιιηιιι
1955 589 2114 635 atque
2155 589 2362 635 Slgnuzu
2406 589 2475 618 lu:
2498 589 2619 617 lttl'iS
2658 589 2771 631 'JJ‘ll."
2798 589 2893 618 sua
2935 589 2985 619 ltl
3027 589 3190 620 carne
3235 589 3465 634 gestare,
3500 589 3785 637 1ἰ³δμο..ιιιξι

540 589 824 703 Klaximus,
858 640 1122 692 Abraham
1154 656 1258 691 non
1292 654 1356 691 ex
1403 637 1805 707 circumcisione
1828 638 2174 705 justilicatum
2203 651 2342 697 esse,
2375 634 2585 688 dicente
2611 636 2883 707 Scriptura
2906 636 3068 689 verbo
3110 636 3203 690 Dei
3227 637 3539 707 credidisse,
3567 638 3787 707 ejusque

545 708 973 763 benedictionem
996 717 1341 761 consecutum
1394 705 1450 760 Si
1480 721 1609 773 ergo
1638 707 1735 775 ipsi
1764 704 1853 760 lilii
1884 706 2111 760 Abralia:
2136 714 2475 775 reputantnr,
2504 720 2626 756 eum
2656 705 2705 756 in
2734 704 3145 773 Redemptorem
3173 706 3457 761 credentes
3495 704 3784 762 imitentur.

546 777 761 831 Frustra
791 778 931 829 enim
962 791 1027 830 ex
1058 777 1481 838 circuau-isiane,
1534 774 1703 842 inquit
1728 775 1783 830 S.
1831 776 2039 838 doctor,
2072 776 2345 843 pmmium
2376 774 2564 843 salutis
2592 782 2933 841 exspectant;
2979 789 3099 828 cum
3148 775 3261 843 ipsa
3292 775 3343 828 in
3373 777 3583 843 signum
3610 776 3789 831 datum

544 847 698 900 fuerit
732 846 961 913 generis,
987 855 1041 898 et
1061 855 1195 914 ante
1215 847 1380 914 ipsum
1413 845 1565 909 Ahel,
1599 846 1758 907 linus,
1793 844 1995 909 Euoch,
2016 842 2132 898 Noe
2158 851 2216 914 et
2243 842 2627 914 Melchisedech
2649 842 2901 914 sacerdos
2920 842 3226 914 summiAD’ci
3246 845 3374 911 justi
3398 842 3650 914 appellati
3669 856 3789 901 sunt

546 932 614 969 ex
646 910 767 975 iide,
801 923 853 967 et
875 930 979 967 non
1003 910 1291 968 secundum
1318 930 1530 967 carnem
1556 915 1854 967 (σίνε-ωηιρίςί
1882 917 2111 966 luerunt.
2143 912 2277 966 Cum
2308 919 2483 964 autem
2513 910 2630 964 ﬁnis
2663 912 2791 979 legis
2820 913 2975 981 705
3003 912 3072 981 sit
3101 910 3362 978 Christus,
3385 910 3542 968 vét'us
3570 916 3658 968 illa
3684 916 3790 970 cir-

547 984 803 1038 cumcisio
833 984 1070 1036 habenda
1099 992 1178 1036 est
1210 992 1456 1051 tanquam
1486 985 1781 1052 symbolum
1810 998 1917 1052 quo
1941 984 1974 1033 ﬁ
1994 983 2122 1052 leles
2152 982 2218 1052 ab
2241 981 2701 1052 itiecehriscarnis
2722 980 2965 1052 caveant,
2991 980 3252 1052 idolorum
3284 984 3550 1052 vanitates
3570 983 3789 1052 fugiant,

549 1063 603 1107 et
655 1052 1031 1123 cupiditatibus
1075 1053 1252 1105 saeculi
1289 1050 1839 1123 modumimponant.
1878 1051 1941 1104 1η
1990 1050 2368 1123 JesuACliristo,
2398 1050 2662 1123 scribebat
2693 1050 2990 1123 _Apostol_us
3017 1050 3238 1123 Calatis,
3270 1051 3449 1123 Neque
3476 1050 3793 1111 circumcisio

551 1116 747 1191 aliquid
776 1121 922 1192 valet,
950 1138 1106 1192 neque
1133 1123 1455 1192 prarputium,
1486 1122 1576 1174 sed
1596 1116 1742 1191 fides,
1769 1137 1883 1191 qua:
1909 1136 1998 1189 per
2026 1120 2292 1192 caritatem
2318 1128 2558 1192 operatur
2579 1116 2777 1192 (Cottii.
2806 1122 2877 1185 ν).
2908 1120 2985 1172 Ad
3016 1120 3252 1174 cwlestia
3275 1116 3437 1187 cuitu,
3463 1138 3571 1176 non
3598 1124 3663 1177 ad
3686 1131 3793 1176 ter-

550 1187 679 1245 rena
710 1206 828 1244 cum
858 1187 1098 1244 Christus
1134 1187 1308 1243 homo
1356 1187 1608 1253 cinlestis,
1639 1198 1696 1243 ut
1724 1187 1844 1243 eum
1888 1187 2121 1258 appellat
2150 1189 2475 1258 Apostolus,
2505 1203 2631 1241 suos
2667 1187 2897 1242 advocet
2938 1198 3248 1252 sectatores,
3284 1198 3389 1245 nun
3417 1192 3675 1257 carnalia,
3703 1193 3795 1248 sed

552 1261 849 1328 spiritu-alia
876 1276 1037 1328 opera
1077 1260 1153 1312 eis
1181 1260 1437 1328 przccipit,
1469 1260 1659 1328 quibus
1682 1259 1847 1312 Deum
1879 1257 1988 1327 pne
2025 1258 2195 1328 oculis
2222 1272 2437 1328 semper
2468 1257 2741 1328 habentes,
2786 1259 2961 1310 omnia
2998 1259 3048 1311 in
3080 1259 3195 1325 ejus
3223 1260 3445 1325 gloriam
3474 1269 3654 1327 agant.
3686 1260 3797 1318 Hoc

551 1326 803 1382 viviﬁcati
832 1326 1039 1396 Spiritu,
1062 1326 1243 1396 jnginn
1266 1326 1397 1399 legis
1418 1326 1532 1396 ejus
1560 1344 1741 1392 suave,
1774 1338 1831 1399 et
1855 1343 1991 1399 unus
2021 1327 2389 1380 mandatorum
2422 1326 2537 1379 leve
2566 1327 2944 1399 experiuntur;
2968 1329 3109 1394 quod
3144 1328 3256 1396 ipse
3284 1342 3407 1399 eum
3434 1326 3796 1399 diligentibus,

552 1342 803 1382 vrvmcau
832 1342 1039 1396 Spiritu,
1062 1344 1243 1396 jnguni
1268 1342 1397 1395 regis
1418 1344 1532 1396 ejus
1560 1344 1741 1392 suave,
1774 1342 1828 1380 et
1855 1343 1991 1379 otius
2021 1342 2389 1380 mandatorum
2422 1342 2537 1379 teve
2566 1342 2944 1449 experiuntur;
2968 1342 3109 1394 quoa
3144 1343 3256 1396 ipse
3284 1342 3407 1381 eum
3434 1342 3796 1399 diligentibus,

552 1414 651 1451 suo
679 1413 947 1467 nunquam
977 1398 1127 1451 deest.
1155 1398 1372 1460 auxilio,
1407 1407 1464 1450 ut
1486 1406 1746 1467 icternam
1775 1397 1873 1451 sibi
1903 1397 2138 1467 salutent
2159 1404 2583 1467 promereantur.
2616 1450 2629 1467 ,ί
2650 1396 2825 1467 u_d:eos
2856 1412 2987 1467 vero
3000 1398 3267 1467 jactantes
3292 1396 3538 1451 Messiam
3566 1398 3798 1454 futurum

552 1480 755 1539 regem,
780 1463 1093 1539 atquecum
1122 1467 1290 1533 gloria
1317 1466 1668 1539 ctgmajestate
1698 1476 2002 1539 venturum,
2033 1465 2214 1518 multis
2234 1463 2475 1539 confutat
2502 1464 2633 1539 Novi
2664 1463 3272 1539 Testamentioraculis,
3296 1480 3523 1533 quorum
3547 1469 3722 1539 aliqua
3747 1471 3798 1523 in

553 1537 727 1605 primo
767 1535 961 1589 Chriin
989 1536 1217 1588 adventu
1266 1533 1499 1604 perfecte
1535 1535 1825 1602 adimpleta
1870 1535 2237 1597 demonstrat;
2271 1534 2474 1605 reliqua
2505 1534 2556 1587 in
2586 1533 2822 1587 secundo
2868 1534 3203 1605 adimplenda
3233 1544 3540 1603 supersunt,
3588 1533 3800 1605 quando

556 1603 779 1669 scilicet,
810 1612 866 1674 ut
892 1605 966 1657 ait
995 1603 1321 1672 Augustinus
1352 1606 1425 1673 (α)
1457 1621 1575 1658 cum
1606 1605 1849 1674 claritate
1878 1605 2127 1672 potenti-.c
2150 1604 2374 1674 venerit.
2402 1603 2544 1674 Qupt
2570 1612 2875 1674 quantaque
2901 1604 2968 1657 ab
2996 1620 3061 1657 eo
3088 1605 3319 1659 cmlestis
3338 1603 3619 1674 sapientiai
3641 1608 3804 1661 docu-

555 1683 733 1727 menta
760 1673 1078 1727 audierunt?
1103 1676 1323 1738 Quoties
1360 1671 1567 1727 divinas
1596 1674 1711 1740 ejus
1749 1673 1992 1727 admirati
2024 1680 2146 1724 sunt
2172 1673 2438 1725 virtutes?
2465 1671 2633 1737 Quam
2664 1687 2803 1740 stupe
2824 1672 3111 1742 languidos
3133 1674 3197 1727 ad
3228 1671 3593 1742 viresﬁrgros
3620 1675 3691 1729 ad
3719 1693 3804 1729 sa-

557 1744 798 1813 nitatem,
831 1753 1073 1797 mortuos
1114 1745 1274 1796 etiam
1320 1744 1384 1813 ad
1414 1743 1576 1795 vitam
1608 1744 1673 1795 ab
1713 1743 1829 1810 ipso
1856 1744 2134 1795 restitutos
2164 1742 2546 1813 inspexerunt?
2577 1742 2642 1793 At
2671 1750 2791 1813 post
2821 1741 2933 1813 hac
2974 1743 3173 1813 omnia,
3198 1743 3344 1812 impii
3372 1741 3803 1813 blaéphemantes

554 1811 757 1877 Jesum,
787 1827 909 1865 cum
939 1813 1257 1881 dicmonium
1289 1812 1485 1864 habere
1510 1812 1781 1881 dixerunt,
1814 1813 2149 1879 arreptisque
2180 1810 2705 1881 lapidibusfnrcntes
2747 1811 2798 1863 in
2829 1811 2973 1864 illum
3005 1810 3291 1865 irrueruntI
3325 1814 3402 1866 l'lo
3429 1810 3599 1881 usque
3619 1816 3729 1881 egit
3754 1817 3804 1868 in

557 1881 687 1949 ipsis
716 1880 922 1933 invidus
951 1880 1107 1945 liw:r,
1136 1889 1191 1950 et
1221 1896 1357 1933 ecca
1390 1880 1629 1950 perfidia,
1662 1881 1939 1950 ut_jnslum
1970 1888 2024 1932 et
2054 1881 2412 1950 innocentem,
2444 1879 2738 1933 beneficum
2765 1887 2819 1933 et
2847 1883 3167 1934 salvatorem
3195 1883 3369 1936 crucis
3398 1898 3473 1936 su-
3500 1879 3804 1950 plicio‘alti-

555 1948 739 2020 cerent
785 1957 943 2016 atque
973 1964 1003 2003 e
1042 1949 1173 2020 vivis
1218 1949 1656 2020 exterminat-ent.
1698 1948 1790 2002 liis
1822 1964 1925 2001 non
1973 1957 2081 2001 tam
2132 1949 2306 2020 verbis
2344 1964 2502 2015 quam
2534 1950 2931 2020 Scripturarutn
2978 1951 3295 2020 testimoniis
3332 1948 3651 2020 persolutis,
3690 1969 3808 2008 om-

559 2017 647 2070 nia
695 2018 747 2071 in
797 2033 960 2071 unum
1012 2033 1041 2070 a
1090 2017 1319 2087 Maximo
1361 2028 1721 2087 congeruntur
1767 2027 2097 2085 argumenta,
2126 2018 2342 2087 quibus
2385 2026 2571 2087 contra
2609 2016 2820 2074 Iudaeos
2863 2017 3043 2072 Jesum
3088 2016 3353 2087 Christum
3400 2036 3585 2075 verum
3618 2016 3802 2084 Deum,

557 2101 849 2155 verumque
875 2087 1167 2153 hominem,
1203 2086 1612 2153 Rcdeinptorem
1643 2096 1883 2141 nostrum
1911 2086 2229 2140 audiendum
2260 2094 2313 2139 et
2348 2086 2676 2140 adorandum
2700 2088 3105 2142 demonstravit.
3136 2086 3206 2143 Ut
3234 2090 3448 2143 tandem
3476 2090 3545 2145 ab
3574 2091 3807 2147 obdura~

3678 392 3781 446 77’}.

558 2155 705 2210 tione
728 2156 1068 2225 resipiscam,
1099 2166 1258 2225 atque
1290 2157 1341 2209 in
1374 2155 1589 2210 Christo
1620 2158 1796 2210 lumen
1829 2157 2069 2211 veritatis
2094 2157 2373 2225 aspiciant,
2404 2156 2526 2209 vita:
2558 2164 2770 2211 :cteruzc
2800 2157 3152 2226 promissione
3180 2158 3521 2214 adhortatur.

628 2278 705 2347 (α)
736 2276 810 2330 De
828 2273 985 2330 Civit.
1019 2276 1111 2329 Dei
1156 2275 1247 2328 lib.
1274 2292 1419 2335 xvut,
1454 2290 1569 2343 cap.
1606 2274 1691 2327 .45.

571 2381 3763 2416 mm

577 2414 585 2416 -
3704 2414 3711 2415 ,

1472 2510 2142 2624 SANCTI
2214 2512 2916 2623 MAXIM!

1000 2717 3356 2956 TBACTATUS.

1473 3020 2892 3057 —————-———.-—-—-———~

1553 3135 2248 3220 TRACTATUS
2326 3133 2800 3216 PRIMUS.

1918 3268 2001 3323 DE
2038 3266 2375 3322 BAPTISMO
2402 3274 2447 3319 ’⁸.

629 3391 792 3463 709
817 3388 1002 3445 Omais
1028 3388 1241 3458 quidem
1288 3387 1384 3442 Dei
1426 3401 1636 3449 sermo,
1687 3384 1715 3422 ιι
1766 3384 1977 3444 fratres,
2009 3397 2131 3436 cum
2162 3386 2206 3443 Α
2236 3386 2358 3434 acto
2396 3382 2507 3447 jam
2544 3379 2919 3450 mysteriorum
2962 3381 3183 3451 ordine,
3209 3385 3528 3455 exponimus
3567 3389 3720 3445 vobis
3751 3406 3809 3446 ea

562 3482 711 3538 uinni
739 3482 1034 3535 intentione
1054 3487 1109 3535 et
1127 3478 1399 3547 diligentia
1421 3477 1614 3531 mentis
1638 3476 1796 3530 debet
1820 3474 2008 3537 audiri,
2039 3472 2133 3526 sed

563 3569 652 3626 hic
690 3570 922 3624 maxime
960 3584 1122 3637 quem
1150 3567 1308 3622 hodie
1346 3565 1413 3619 ad
1456 3565 1732 3619 caritatem
1763 3572 1993 3617 vestram
2034 3560 2133 3613 ha-

562 3661 725 3717 bituri
754 3676 958 3716 sumus.
989 3658 1114 3713 Ideo
1142 3658 1303 3724 enim,
1325 3656 1557 3711 dimissis
1580 3654 1691 3723 jam
1717 3652 2132 3715 calechumenis,

560 3765 661 3806 vos
690 3758 894 3804 tantum
922 3748 988 3801 ad
1018 3747 1340 3801 audiendum
1380 3744 1726 3808 retinuimus;
1776 3743 1901 3812 quia
1947 3749 2138 3811 printer

561 3841 652 3896 illa
698 3854 818 3907 qua:
862 3851 1049 3892 omnes
1089 3835 1423 3890 Christianos
1470 3834 1721 3888 convenit
1762 3833 1813 3885 in
1852 3846 2137 3888 commune

561 3942 796 3991 servare,
828 3924 1134 3993 specialiter
1175 3924 1244 3977 de
1270 3923 1575 3978 ctBlestibus
1615 3922 1883 3991 mysteriis
1911 3918 2139 3974 locuturi

562 4031 768 4080 sumus,
799 4028 917 4083 qua:
945 4012 1127 4066 audire
1155 4026 1261 4065 non
1286 4018 1529 4080 possunt,
1554 4009 1653 4064 nisi
1681 4009 1772 4077 qui
1800 4023 1884 4075 ea,
1906 4008 2140 4062 donante

560 4108 672 4179 jam
700 4104 946 4167 Domino,
979 4109 1354 4174 perceperunt.
1397 4099 1572 4156 Tanto
1599 4112 1729 4168 ergo
1757 4098 1961 4169 majore
1987 4112 2140 4152 reve—

562 4195 735 4252 rentia
761 4194 968 4250 debetis
1004 4192 1193 4276 audire
1236 4206 1356 4261 qua;
1401 4190 1643 4257 dicimus,
1692 4198 1894 4260 quanto
1934 4189 2139 4257 majora

563 4274 665 4343 ista
692 4294 817 4342 sunt
843 4298 964 4355 qua:
990 4274 1120 4339 solis
1147 4282 1433 4353 baptizatis
1453 4290 1510 4335 et
1537 4279 1779 4335 fidelibus
1809 4280 2141 4333 auditoribus

565 4380 993 4443 committuntur,
1039 4391 1199 4447 quam
1248 4376 1339 4430 illa
1383 4390 1502 4444 qua:
1556 4374 1718 4429 etiam
1771 4372 2139 4428 catecbuineni

562 4471 749 4527 audire
775 4476 1185 4525 consueverunt.
1211 4465 1326 4521 Non
1353 4474 1532 4519 autem
1569 4463 1751 4517 mirari
1779 4462 2005 4527 debetis,
2038 4460 2140 4516 fra-

563 4569 673 4616 tres
700 4558 982 4620 carissimi,
1007 4556 1151 4623 quod
1179 4554 1331 4609 vobis
1360 4554 1499 4607 inter
1518 4554 1632 4622 ipsa
1660 4554 1913 4624 mysteria
1935 4552 2001 4607 de
2024 4568 2140 4622 my-

562 4653 739 4708 steriis
764 4648 897 4704 nihil
923 4647 1173 4711 diximus,
1218 4644 1361 4715 quod
1391 4659 1496 4699 non
1524 4644 1707 4698 statim
1736 4660 1798 4699 ea
1825 4659 1943 4715 qua:
1973 4642 2137 4697 tradi—

2235 3484 2353 3538 quzc
2381 3476 2505 3523 ante
2536 3470 2870 3534 tradidimus,
2899 3488 2964 3526 ne
2986 3472 3111 3527 dum
3131 3474 3306 3530 minus
3327 3477 3620 3546 intelligitis
3647 3481 3811 3536 divini

2239 3559 2473 3630 mysterii
2503 3559 2833 3628 dignitatem,
2874 3562 3048 3618 minus
3095 3562 3223 3619 illud
3254 3566 3547 3635 pretiosum
3590 3571 3809 3638 putetis.

2238 3651 2390 3718 Quod
2418 3652 2463 3706 si
2495 3651 2894 3717 intellexeritis,
2938 3653 3183 3710 videbitis
3230 3659 3408 3711 omnia
3449 3674 3571 3728 qua:
3615 3660 3670 3714 in
3713 3661 3814 3716 hoc

2238 3744 2437 3799 mundo
2475 3746 2708 3814 pretiosa
2738 3746 3043 3815 creduntur,
3075 3749 3207 3803 tanti
3234 3753 3551 3806 sacramenti
3594 3769 3815 3825 compa-

2239 3833 2449 3887 ratione
2474 3844 2496 3870 ο
2520 3850 2637 3889 esse
2659 3835 2932 3889 vilissima.
2954 3835 3284 3893 Rccordetur
3301 3855 3430 3909 ergo
3451 3846 3816 3915 unuSquisque

2242 3929 2476 3975 vestrum
2532 3924 2767 3992 singulas
2820 3928 3193 3997 mysteriorum
3242 3932 3480 4001 species,
3529 3950 3669 4005 quas
3721 3952 3818 4009 per

2238 4020 2502 4083 nostrum,
2531 4015 2764 4070 donante
2795 4017 3037 4085 Domino,
3068 4021 3196 4075 esus
3237 4022 3590 4081 ministerium
3619 4042 3817 4085 consc-

2240 4103 2380 4169 cuti,
2412 4112 2465 4159 et
2493 4120 2556 4159 ea
2594 4121 2711 4175 qua:
2744 4118 2868 4163 tunc
2909 4110 3222 4179 simpliciter
3264 4121 3318 4167 et
3364 4112 3591 4169 fideliter
3633 4128 3819 4174 susce-

2239 4195 2421 4265 pistis,
2454 4199 2613 4268 710
2642 4214 2782 4253 nunc
2825 4200 3102 4269 intelligite
3146 4202 3461 4273 prudenter,
3514 4214 3571 4259 ut
3618 4209 3815 4264 melius

2241 4287 2457 4356 poSsitis
2520 4289 2787 4343 intellecta
2842 4304 3076 4346 servare.
3142 4292 3406 4363 Imprimis
3458 4306 3607 4351 certe
3661 4315 3819 4354 aures

2243 4385 2447 4430 vestras
2475 4377 2595 4432 oleo
2624 4377 3011 4435 benedictionis
3038 4381 3406 4448 oblinivimus;
3436 4386 3531 4439 sed
3559 4387 3630 4441 ob
3654 4403 3815 4457 quam

2240 4483 2472 4533 causam,
2523 4469 3205 4547 secundorutraditionem
3249 4475 3704 4546 ecclesiasticam,
3752 4479 3819 4532 ah

2241 4557 2487 4611 omnibus
2506 4560 2778 4614 catholicis
2792 4558 2987 4615 Christi
3007 4563 3373 4619 sacerdotibus
3389 4565 3501 4631 liat,
3515 4569 3816 4635 agnoscite.

2242 4648 2495 4704 lntroitus
2518 4650 2636 4704 lidei
2668 4661 2722 4705 ct
2752 4653 2915 4707 totius
2937 4662 3135 4709 sancta:
3160 4654 3417 4711 doctrina:
3443 4659 3456 4695 ι
3484 4658 3552 4712 ad
3583 4660 3819 4714 animam

559 4744 734 4801 dimus
781 4738 1113 4810 interpretati
1141 4751 1342 4792 sumus.
1392 4745 1413 4773 ο
1462 4734 1810 4790 Adhibuimus
1856 4734 1999 4789 enim
2027 4742 2137 4787 tam
2169 4747 2214 4808 Β
2241 4756 2335 4811 per
2355 4756 2510 4795 aures
2526 4740 2842 4810 admittitur,
2866 4743 3005 4798 etde
3026 4746 3207 4800 auditu
3228 4747 3532 4804 intellectus
3552 4752 3814 4807 exoritur.

562 4834 759 4889 sa:;ctis
788 4831 947 4886 rebus
973 4838 1135 4898 atque
1162 4826 1358 4881 divinis
1377 4825 1639 4899 honorem
1668 4825 1889 4894 silentii,
1918 4832 1975 4879 et
2001 4824 2140 4878 inter

566 4923 684 4979 illos
711 4937 895 4978 sacros
922 4918 1305 4992 mysteriorum
1331 4925 1620 4987 apparatus
1647 4932 1678 4971 a
1707 4916 1935 4972 docendi
1957 4931 2140 4971 cessa-

565 5029 682 5067 mus
710 5013 908 5079 oﬂicio,
959 5021 1017 5067 ut
1061 5018 1260 5065 tantam
1306 5009 1499 5064 divina:
1549 5010 1734 5078 gratia:
1779 5009 2138 5077 majestatem,

564 5118 685 5171 qua:
711 5103 867 5169 digne
894 5103 1053 5158 nullis
1079 5102 1354 5157 hominum
1401 5100 1623 5155 vocibus
1661 5097 1916 5169 explicari
1940 5107 2139 5169 potest,

566 5192 793 5261 amplius
823 5192 1049 5247 tacendo
1076 5206 1414 5247 veneremur.
1444 5189 1550 5244 Sed
1578 5190 1711 5258 quia
1731 5189 1922 5244 instrui
1946 5189 1998 5242 in
2025 5204 2143 5244 om-

565 5283 722 5336 nibus
736 5286 790 5334 et
800 5279 980 5334 doceri
992 5289 1221 5335 vestram
1237 5280 1579 5335 dilectionem
1589 5287 1900 5334 necesseest
1914 5277 1959 5344 δ,
1978 5287 2141 5335 trans-

637 5432 664 5461 ι
686 5420 893 5476 Titulus
913 5420 1050 5490 apud
1071 5420 1407 5477 Sirmundum
1429 5431 1510 5477 est
1531 5440 1543 5474 :
1567 5421 1749 5491 Sermo
1771 5421 1833 5474 de
1854 5420 2135 5491 ncophytis.

567 5490 653 5547 Ex
671 5492 781 5547 oleo
801 5480 979 5545 sancto
996 5507 1143 5544 aures
1168 5501 1216 5545 et
1236 5509 1388 5545 nares
1409 5511 1439 5545 α
1460 5480 1806 5545 sacerdotibus
1827 5480 2133 5544 illiuianvtur.

563 5562 650 5619 Ab
677 5577 744 5618 eo
773 5567 899 5615 sunt
926 5559 1195 5615 variantes
1223 5561 1495 5615 addendzc.

637 5632 665 5672 ιι
693 5629 908 5685 Fratres
936 5629 1209 5683 carissimi.

640 5714 665 5746 ο
695 5699 825 5758 Post
851 5701 966 5755 hmc
993 5699 1157 5756 editio
1182 5698 1346 5754 habet
1371 5716 1385 5752 :
1416 5699 1552 5769 quod
1578 5709 1713 5754 certe
1740 5716 1843 5755 non
1874 5697 2135 5770 negligen-

2241 4830 2423 4901 Neque
2451 4832 2591 4887 enim
2618 4840 2799 4903 potest
2845 4834 3038 4904 aliquis
3076 4833 3201 4891 ﬁdei
3230 4849 3567 4895 sacramenta
3607 4856 3819 4910 cogno-

2238 4936 2407 4987 scere,
2465 4922 2565 4977 nisi
2619 4922 2801 4977 audiat
2849 4926 3247 4994 praedicantem,
3304 4927 3602 4985 afﬁrmante
3654 4931 3819 4987 beato

2240 5011 2532 5081 Apostolo,
2584 5012 2675 5080 qui
2722 5013 2893 5067 dicit:
2927 5011 3192 5078 Quomodo
3230 5026 3399 5072 autem
3445 5020 3660 5075 audient
3704 5024 3819 5076 sine

2240 5101 2590 5174 praedicante?
2618 5111 2673 5157 et
2700 5119 2883 5159 rursus
2908 5121 2920 5156 :
2951 5103 3093 5176 Ergo
3118 5107 3248 5176 ﬁdes
3285 5124 3350 5162 ea:
3376 5109 3578 5175 auditu,
3608 5113 3820 5165 auditus

2239 5203 2411 5248 autem
2436 5211 2527 5264 per
2551 5195 2758 5249 verbum
2784 5194 2886 5249 Dei
2914 5194 3090 5264 (Rom.
3116 5197 3195 5267 ι).
3226 5198 3392 5253 Recte
3419 5213 3549 5269 ergo
3574 5201 3666 5256 illo
3694 5202 3820 5257 oleo

2242 5283 2359 5354 ejus
2386 5299 2573 5341 sensus
2600 5299 2799 5353 organa
2829 5285 3250 5357 sanetillcantur,
3292 5289 3408 5346 sine
3450 5305 3560 5360 quo
3591 5291 3726 5348 fides
3751 5293 3819 5348 ad

2244 5422 2338 5500 tia,
2365 5421 2555 5500 in__ta_m
2594 5423 2753 5500 aderis
2795 5420 2943 5500 rebus
2966 5430 3122 5500 atque
3149 5424 3335 5477 divinis
3362 5429 3686 5500 sacrilegium
3715 5440 3814 5493 est,

2239 5493 2332 5562 sed
2357 5492 2605 5562 religione
2633 5491 2865 5562 primus.
2896 5491 3249 5558 Adhibuimm,
3280 5503 3383 5547 etc.

2310 5558 2335 5597 ἀ
2370 5558 2653 5630 Transacto
2678 5560 2880 5629 quidem
2897 5564 3030 5630 jam.

2309 5639 2333 5666 ο
2364 5627 2637 5682 Omittitur
2662 5627 2790 5682 esse.

2318 5698 2336 5735 ί
2368 5699 2450 5751 Ad
2479 5702 2734 5764 animum,
2761 5700 2831 5753 ita
2862 5698 3018 5755 infra.
