4054 6194
289 363 400 418 775

1424 369 1739 425 TRACTAT
1747 370 1828 428 US
1863 370 1904 426 Ι.
1947 372 2036 428 DE
2074 373 2427 430 BAPTISMO.

3427 391 3528 442 ττι

275 480 523 534 animam
567 492 674 533 non
716 487 894 549 potest
921 479 1216 548 pervenire.
1261 477 1536 546 Simulque
1561 478 1769 532 venturi
1799 479 1864 532 ad
1893 487 1943 544 Α
1968 496 2236 550 nunquam
2265 482 2444 536 audita
2478 485 2491 532 i
2531 487 2843 541 contemnit.
2877 487 2954 542 llli
2983 490 3074 558 qui
3103 492 3284 545 obedit
3311 503 3365 546 et
3388 494 3530 561 facit,

278 568 641 637 baptismum,
673 575 732 620 ut
769 582 928 622 aures
977 583 1102 621 suas
1130 567 1196 621 ab
1241 567 1384 621 omni
1430 567 1572 621 malo
1618 575 1674 621 et
1721 568 1863 636 turpi

277 658 455 712 verbo
507 659 814 726 impollutas
859 657 927 712 ad
974 657 1132 712 ﬁnem
1181 673 1348 726 usque
1399 659 1732 723 custodiant,
1782 659 1865 712 vel

278 747 658 802 detrahentem
685 748 931 816 proximo
952 762 1071 811 suo,
1096 758 1120 784 η
1150 748 1230 801 vel
1259 747 1490 802 obscena
1519 755 1575 800 et
1603 747 1864 816 impudica

281 837 600 904 loquentem
629 837 783 906 quasi
812 837 956 891 surdi
985 853 1090 891 non
1139 837 1376 900 audiant,
1408 839 1690 907 implentes
1719 839 1865 891 illam

281 923 485 979 divina:
512 923 800 994 Scriptura:
828 927 1147 980 sententiam
1173 942 1274 994 qua
1296 927 1490 980 dicitur
1518 944 1530 978 :
1558 928 1679 997 Sepi
1709 944 1862 980 aures

282 1024 404 1070 tuas
450 1017 638 1086 spinis,
683 1025 732 1069 et
779 1018 881 1069 noli
925 1017 1104 1070 audire
1141 1018 1369 1087 linguam
1414 1033 1631 1086 nequam
1679 1016 1864 1087 (Eccli.

282 1122 471 1170 xxvui,
491 1104 601 1175 28).
623 1105 689 1159 Εῑ
709 1107 864 1158 alibi:
884 1104 969 1158 Ne
987 1107 1164 1159 credas
1187 1107 1383 1160 auditui
1405 1123 1552 1160 uano.
1571 1105 1634 1160 Et
1655 1123 1864 1160 rursus:

283 1194 378 1247 Da
407 1195 460 1247 in
489 1194 764 1267 disciplina
794 1210 882 1247 cor
917 1203 1073 1257 tuum,
1106 1204 1154 1247 et
1183 1211 1312 1264 para
1341 1211 1516 1248 aurem
1548 1203 1683 1247 tuam
1707 1195 1867 1248 verbis

281 1283 578 1354 prudentia:
606 1282 788 1351 (Prov.
817 1298 970 1347 xxm;
1001 1282 1164 1336 Eccli.
1189 1282 1268 1352 ii).
1298 1282 1437 1350 Ergo
1467 1281 1701 1336 adhibita
1729 1282 1870 1335 auri-

280 1372 390 1427 bus
414 1373 595 1426 unctio
624 1380 807 1427 sancta
836 1371 1119 1439 signiﬁcat,
1155 1381 1213 1425 ut
1237 1387 1426 1426 omnes
1453 1380 1603 1426 extra
1631 1372 1868 1440 discipli—

284 1477 416 1516 nam
445 1476 741 1525 sermones,
781 1461 934 1528 quasi
962 1461 1219 1515 doctrinae
1246 1459 1445 1514 Christi
1473 1460 1500 1497 ιι
1531 1460 1871 1529 obloquentis

284 1559 607 1608 aversentur
633 1567 696 1606 ac
724 1551 944 1619 fugiant,
975 1566 1139 1619 seque
1179 1551 1246 1604 ad
1292 1551 1403 1605 sola
1448 1550 1543 1604 Dei
1587 1550 1747 1603 verba
1777 1565 1873 1602 au-

284 1641 485 1696 dienda
529 1648 876 1706 convertant,
907 1641 1031 1714 quia
1067 1653 1086 1679 ο
1135 1641 1268 1694 illito
1297 1640 1418 1695 oleo
1447 1639 1685 1694 auditum
1714 1655 1870 1693 suum

286 1729 493 1786 Christi
516 1730 742 1798 eloquiis
768 1729 790 1765 ά
817 1738 1282 1784 conservaverunt.
1315 1730 1433 1799 Ipse
1456 1730 1595 1784 enim
1625 1728 1872 1783 Salvator

285 1819 531 1887 loquitur
559 1819 624 1873 ad
651 1818 886 1885 Patrem,
917 1827 970 1872 et
1002 1817 1072 1872 de
1101 1819 1405 1873 obedientia
1434 1819 1698 1873 credentis
1730 1820 1781 1872 in
1811 1834 1870 1872 se

291 1910 480 1980 populi
509 1911 786 1980 gloriatur,
829 1911 1010 1964 dicens
1047 1929 1058 1963 :
1109 1909 1434 1980 Sacriﬁcium
1471 1919 1520 1964 et
1565 1909 1870 1964 oblationem

288 2000 526 2066 noluisti,
571 2017 722 2053 aures
769 2009 938 2054 autem
985 2001 1242 2071 perfecisti
1289 2001 1413 2054 mihi
1455 1999 1625 2072 (Psal.
1663 2002 1868 2071 χχχιχ).

290 2088 444 2143 Tunc
474 2089 614 2144 enim
656 2105 810 2143 aures
838 2105 965 2144 vere
1006 2091 1236 2144 fidelium
1279 2090 1472 2144 Christi
1504 2091 1870 2161 perficiuntur,

286 2179 507 2250 quando
527 2181 654 2234 nihil
681 2189 874 2249 praeter
894 2180 1182 2246 Christum.
1206 2190 1260 2235 et
1284 2197 1345 2236 ea
1365 2196 1484 2250 qua:
1504 2181 1701 2236 Christi
1729 2193 1870 2248 sunt,

287 2268 479 2324 audire
499 2269 802 2323 desiderant
828 2279 871 2322 °.
899 2268 1050 2324 Unde
1073 2271 1124 2323 in
1148 2270 1435 2340 Evangelia
1456 2272 1595 2325 idem
1618 2273 1872 2327 Dominus

287 2357 359 2413 de
387 2358 618 2412 caelestis
645 2358 796 2426 regni
822 2359 1074 2428 mysterio
1103 2374 1225 2413 cum
1255 2361 1585 2429 loqueretur,
1615 2361 1827 2416 dicebat
1855 2379 1866 2414 :

291 2445 396 2512 Qui
416 2449 516 2518 71
531 2453 572 2518 1
596 2447 745 2501 habet
767 2464 914 2502 aures
934 2449 1198 2514 audiendi,
1219 2449 1398 2502 audiat
1422 2449 1632 2521 (Matth.
1658 2466 1729 2515 χι,
1756 2466 1869 2515 xui;

289 2536 465 2591 Mare.
500 2555 573 2603 iv,
603 2548 654 2591 et
678 2537 852 2608 alibi).
899 2538 1030 2592 Nam
1060 2554 1180 2592 cum
1218 2540 1454 2594 omnium
1495 2555 1777 2595 commune
1805 2541 1873 2594 sit

290 2627 496 2682 habere
523 2643 699 2694 aures,
748 2636 925 2682 tamen
972 2628 1219 2682 audiendi
1267 2645 1425 2684 aures
1453 2646 1736 2686 commune
1764 2647 1871 2686 non

291 2723 396 2770 est.
429 2714 743 2785 Quicunque
770 2717 911 2770 enim
931 2715 1026 2770 Dei
1045 2717 1206 2770 verba
1233 2726 1600 2784 contemnunt,
1632 2722 1874 2788 quamvis

290 2822 404 2862 non
447 2808 654 2877 possint
698 2816 1062 2876 contemnere,
1093 2809 1194 2863 nisi
1237 2809 1384 2878 prius
1411 2810 1661 2874 audiant,
1695 2821 1871 2866 tamen

291 2896 419 2964 quia
440 2905 790 2951 contemnunt
814 2898 954 2966 quod
983 2899 1223 2967 audiunt,
1247 2915 1346 2954 nec
1366 2899 1581 2955 audisse
1602 2901 1869 2968 dicuntur,

293 2987 417 3056 quia
445 2990 563 3056 quie
597 2988 878 3042 audierunt
913 2997 1164 3057 tanquam
1208 3005 1313 3045 non
1343 2993 1520 3045 audita
1551 2992 1868 3061 despiciunt.

296 3075 365 3130 Et
393 3077 513 3132 ideo
541 3079 739 3134 habent
783 3081 871 3135 isti
919 3097 1095 3148 aures,
1130 3097 1236 3136 non
1278 3098 1395 3151 quae
1425 3099 1579 3138 aures
1624 3087 1871 3141 audiendi

297 3183 417 3223 esse
449 3167 469 3206 τ
495 3170 761 3233 dicuntur,
805 3171 896 3225 sed
937 3187 1089 3226 aures
1117 3189 1232 3242 qua)
1265 3174 1482 3230 audiunt
1521 3191 1590 3229 ne
1624 3178 1868 3240 audiant,
1902 3211 1945 3273 C

297 3259 350 3312 id
374 3268 475 3321 est,
505 3267 563 3314 ut
589 3275 652 3314 ea
679 3275 796 3329 qua":
835 3262 1098 3315 audierint
1139 3263 1290 3330 quasi
1322 3279 1609 3331 nunquam,
1640 3272 1696 3318 ut
1735 3266 1873 3319 dixi-

301 3367 444 3419 mus,
473 3352 654 3406 audita
685 3362 1047 3408 contemnant.
1096 3353 1209 3407 Soli
1238 3362 1413 3407 autem
1457 3356 1532 3408 illi
1576 3371 1730 3410 aures
1775 3372 1873 3410 au-

297 3439 482 3494 diendi
507 3441 705 3495 habere
751 3442 1000 3496 dicuntur
1027 3457 1056 3495 a
1086 3441 1317 3506 Christo,
1361 3445 1449 3513 qui
1496 3461 1617 3498 cum
1659 3447 1874 3501 auribus

297 3529 536 3595 audiunt,
569 3531 788 3584 firmiter
814 3532 990 3586 animo
1019 3532 1418 3601 commendant,
1449 3542 1502 3587 et
1530 3536 1669 3603 quod
1697 3538 1874 3590 animo

298 3626 327 3663 ε
357 3617 694 3684 tradiderint,
726 3619 978 3688 operibus
1020 3629 1401 3690 exsequuntur.
1449 3623 1526 3677 De
1571 3625 1874 3693 huiusmodi

298 3707 631 3763 auditoribus
669 3709 925 3764 Dominus
965 3710 1016 3764 in
1058 3709 1349 3780 Evangelia
1397 3713 1665 3782 loquitur:
1710 3714 1874 3767 Vestri

295 3806 472 3851 autem
512 3797 643 3852 beati
682 3801 845 3866 oculi,
891 3802 975 3871 qui
1026 3801 1229 3866 uident;
1259 3812 1309 3855 et
1335 3820 1486 3856 aures
1526 3815 1730 3867 vestrw,
1761 3821 1875 3876 qua:

297 3890 518 3944 audiunt
547 3890 765 3962 (Matth.
792 3893 936 3963 xui).
983 3892 1047 3946 Et
1076 3911 1258 3949 rursus
1302 3913 1314 3948 :
1359 3895 1538 3951 Omnis
1581 3906 1749 3951 autem
1789 3899 1874 3968 qui

298 3981 449 4034 audit
476 3981 625 4036 uerba
674 4001 786 4037 mea
835 3985 940 4039 haec
985 3993 1033 4038 et
1081 3987 1205 4056 facit
1241 4003 1324 4051 ea,
1355 3987 1723 4042 assimilabitur
1769 3991 1873 4042 viro

300 4072 523 4141 sapienti
570 4074 654 4141 qui
705 4074 980 4143 aediﬁcavit
1026 4075 1230 4128 domum
1263 4091 1408 4128 suam
1445 4093 1600 4145 supra
1637 4089 1872 4143 petram:

299 4169 351 4213 et
370 4160 631 4215 descendit
658 4162 858 4231 pluria,
906 4172 954 4215 et
983 4174 1226 4217 venerunt
1250 4166 1489 4232 flumina,
1547 4175 1594 4218 et
1623 4167 1876 4233 [laverunt

299 4252 439 4304 renti
460 4261 506 4303 et
532 4263 777 4306 venerunt
797 4254 850 4306 in
873 4253 1079 4307 domum
1097 4255 1273 4319 illam,
1318 4262 1365 4307 et
1394 4271 1497 4308 non
1520 4255 1730 4319 cecidit,
1762 4257 1876 4325 [un-

301 4342 426 4394 data
438 4344 573 4395 enim
586 4353 863 4413 eratsupra
880 4345 1084 4414 ﬁrmam
1101 4356 1298 4412 petram
1312 4343 1521 4413 (Matth.
1540 4362 1608 4398 vii
1623 4354 1671 4397 et
1685 4346 1869 4416 seqq).

303 4429 506 4486 Rursus
521 4431 587 4485 de
601 4431 742 4486 male
763 4432 1121 4497 audientibus,
1139 4433 1228 4501 qui
1248 4433 1440 4487 habent
1461 4433 1673 4501 quidem
1697 4449 1874 4500 aures,

1964 571 2255 637 sapientia;
2287 573 2410 626 huic
2455 575 2545 641 qui
2593 580 2934 646 contempsit,
2975 581 3199 637 stultitia
3228 584 3530 653 deputatur.

1963 659 2057 714 Ille
2085 677 2246 730 super
2277 663 2502 717 solidum
2522 664 2747 720 aedificat
2776 667 3191 741 fundamentum,
3222 674 3378 744 hujus
3398 692 3534 733 vana

1964 750 2266 816 aediﬁcatio,
2291 759 2346 806 et
2365 753 2566 821 absque
2592 755 2936 813 fundamento
2956 758 3110 816 facile
3128 779 3315 820 casura
3337 767 3536 826 descri-

1965 842 2129 897 bitur.
2157 842 2237 896 Ibi
2265 844 2548 912 stabilitas,
2597 847 2683 901 hic
2727 849 2882 903 ruina
2929 860 3028 918 est,
3059 863 3114 908 et
3141 856 3292 910 ruina
3321 875 3534 929 magna.

1967 931 2134 986 Nemo
2177 933 2316 986 enim
2356 936 2568 1001 gravius
2595 939 2798 992 corruit
2823 957 2980 1010 quam
3019 945 3128 1012 qui,
3161 948 3342 1002 audito
3368 952 3536 1008 verbo

1968 1020 2084 1088 Dei,
2133 1021 2199 1074 ad
2246 1032 2466 1091 peccata
2511 1029 2858 1094 convertitur,
2911 1042 3130 1100 propter
3172 1051 3292 1104 quae
3335 1050 3535 1097 aiterua

1967 1110 2225 1179 supplicia
2278 1121 2573 1182 prieparata
2624 1125 2767 1171 sunt.
2824 1119 2933 1174 Vos
2986 1131 3199 1190 autem,
3257 1140 3535 1200 postquam

1969 1207 2160 1253 vestrae
2181 1216 2338 1256 aures
2357 1203 2477 1257 oleo
2498 1203 2780 1261 benedicto
2801 1217 2922 1262 sunt
2942 1211 3106 1280 illiue,
3131 1215 3386 1284 designati
3407 1224 3539 1278 estis

1971 1291 2021 1343 in
2050 1307 2276 1347 numero
2303 1295 2602 1350 auditorum
2624 1299 2958 1368 sapientum;
2991 1313 3050 1358 ut
3074 1316 3219 1362 recte
3247 1313 3538 1372 retinentes

1971 1378 2064 1476 Dei
2093 1381 2280 1476 verba,
2315 1383 2366 1436 id
2414 1393 2496 1476 est
2534 1401 2652 1476 qua:
2701 1391 2922 1446 audistis
2969 1395 3269 1465 implentes,
3301 1405 3456 1476 712
3485 1409 3537 1462 in

1970 1467 2056 1521 die
2096 1468 2281 1535 judicii
2353 1472 2580 1528 audiatis
2646 1478 2795 1532 vobis
2863 1481 3133 1539 Christum
3206 1467 3471 1548 dicent—ehi
3523 1516 3535 1550 ε

1979 1555 2186 1621 Venite,
2221 1559 2470 1614 benedicti
2501 1563 2682 1618 Patris
2711 1569 2838 1635 mei,
2869 1575 3111 1643 suscipite
3139 1589 3376 1646 paratum
3399 1588 3542 1640 vobis

1971 1662 2182 1715 regnum
2229 1665 2262 1700 α
2309 1652 2670 1706 constitutione
2717 1659 2894 1711 mundi
2923 1660 3148 1730 (Matth.
3200 1670 3357 1739 xxv).
3410 1672 3538 1730 Illud

1972 1744 2172 1836 autem“
2198 1753 2304 1792 non
2335 1741 2528 1802 otiose.
2578 1759 2751 1812 neque
2779 1748 2977 1817 absque
3016 1763 3160 1808 certa
3189 1761 3398 1816 ratione
3427 1781 3536 1836 my-

1973 1825 2119 1876 sterii
2146 1823 2341 1880 factum
2370 1831 2588 1896 putetis,
2620 1836 2763 1900 quod
2793 1853 2948 1894 nares
2965 1855 3178 1911 quoque
3199 1859 3400 1905 vestras
3420 1823 3540 1909 oleo

1975 1915 2360 1973 benedictionis
2389 1923 2735 1990 adunximus;
2766 1930 2909 1995 quod
2936 1932 3133 1988 idcirco
3156 1935 3269 1992 ﬁeri
3291 1941 3539 2013 intelligi--

1978 2010 2083 2072 tur,
2113 2014 2172 2059 ut
2211 2007 2263 2060 lii
2293 2009 2383 2076 qui
2415 2010 2480 2064 ad
2507 2012 2827 2080 baptismum
2869 2021 3110 2089 veniunt,
3156 2007 3546 2090 admoneantur

1976 2095 2107 2148 tanti
2136 2099 2373 2166 mysterii
2412 2113 2800 2158 sacramentum
2831 2123 2996 2176 usque
3024 2113 3088 2166 ad
3117 2125 3345 2172 mortem
3371 2123 3541 2178 invio-

1975 2182 2141 2237 latum
2167 2194 2327 2253 atque
2351 2188 2615 2257 integrum
2644 2195 2929 2261 custodire,
2963 2208 3020 2253 ut
3038 2205 3272 2269 quandiu
3299 2211 3542 2279 spiritum

1975 2275 2095 2329 vita:
2123 2277 2276 2345 hujus
2305 2281 2520 2335 naribus
2559 2284 2668 2337 suis
2695 2289 2995 2356 attrahunt,
3042 2309 3072 2347 a
3101 2296 3293 2353 Christi
3329 2275 3542 2363 Domini

1976 2369 2143 2420 nostri
2166 2369 2374 2423 cultura
2403 2380 2458 2425 et
2484 2375 2703 2429 servitio
2733 2392 2838 2432 non
2868 2383 3140 2439 recedant.
3176 2385 3330 2445 Unde
3358 2400 3413 2446 et
3439 2395 3542 2450 Joh

1975 2457 2056 2554 vir
2084 2467 2298 2513 sanctus
2318 2461 2553 2530 loquitur
2579 2483 2591 2517 :
2628 2466 2758 2520 Vivit
2779 2469 3047 2537 Dominus,
3071 2479 3156 2545 qui
3181 2479 3387 2536 abstulit
3399 2486 3545 2554 judi-

1974 2549 2108 2602 cium
2137 2567 2321 2617 meum,
2354 2562 2402 2606 et
2433 2554 2788 2628 Omnipotens,
2816 2565 2900 2633 qui
2928 2566 2996 2618 ad
3023 2549 3417 2631 amaritudinem
3444 2581 3543 2633 ad-

1975 2639 2123 2692 duxit
2151 2644 2381 2696 animam
2419 2661 2616 2712 meam,
2661 2652 2780 2720 quia
2818 2652 2976 2707 donec
3010 2672 3237 2727 superest
3276 2665 3462 2722 halitus
3490 2673 3542 2725 in

1976 2745 2057 2782 me
2083 2740 2132 2821 et
2159 2733 2369 2802 spiritus
2391 2733 2488 2788 Dei
2509 2737 2561 2789 in
2583 2740 2796 2794 naribus
2815 2745 2956 2809 meis,
2989 2763 3092 2801 non
3112 2749 3542 2821 loquentur-labia

1976 2834 2087 2871 mea
2117 2820 2451 2891 iniquitatem,
2477 2841 2567 2878 nec
2589 2826 2766 2898 lingua
2794 2848 2906 2885 mea
2933 2820 3540 2905 loqueturimendacium.

1975 2910 2127 3004 Absit
2149 2929 2179 2964 a
2203 2929 2283 2966 me
2307 2924 2360 3004 ut
2380 2917 2551 2985 justas
2579 2935 2663 2972 ros
2685 2922 2940 2991 judicem;
2971 2927 3128 2982 donec
3158 2932 3416 3004 deﬁciam,
3439 2955 3542 2994 non

1976 2999 2212 3052 recedam
2272 3002 2336 3055 ab
2381 3005 2673 3060 innocentia
2726 3027 2860 3064 mea.
2907 2999 3336 3086 Justiﬁcationem
3392 2999 3543 3097 quam

1977 3091 2132 3182 semel
2163 3102 2332 3146 tenere
2355 3099 2485 3165 εαξρὶ
2514 3114 2616 3151 non
2645 3099 2872 3156 deseram
2897 3105 3015 3174 (Job
3042 3111 3192 3182 xm).
3236 3112 3342 3170 Sed
3372 3091 3544 3176 adhuc

1978 3180 2220 3235 subtilior
2246 3184 2548 3241 intellectus
2572 3189 2622 3242 in
2646 3191 2748 3246 hac
2773 3195 2976 3249 narium
3007 3180 3260 3258 unctione
3282 3207 3540 3275 signatur.

1974 3269 2119 3327 Illius
2147 3274 2289 3327 enim
2319 3276 2422 3329 olei
2452 3278 2602 3341 odor,
2632 3283 2774 3349 quod
2802 3285 2856 3337 in
2885 3286 3081 3342 Christi
3105 3269 3409 3354 nomine'et
3437 3304 3544 3356 vir-

1977 3369 2092 3461 tute
2118 3363 2452 3421 benedictum
2483 3376 2582 3434 est,
2615 3370 2683 3423 ad
2713 3373 2992 3430 odoratum
3020 3394 3118 3434 vos
3148 3397 3402 3450 provocat
3428 3395 3541 3461 spi-

1975 3454 2206 3522 ritalem,
2239 3464 2297 3508 ut
2323 3473 2428 3511 non
2460 3462 2722 3529 corporis,
2764 3466 2856 3518 sed
2887 3471 3080 3525 mentis
3119 3475 3361 3531 sensibus
3389 3454 3541 3534 Chri-

1973 3551 2112 3598 stum
2160 3546 2510 3602 inaestimabili
2541 3553 2800 3608 suavitate
2842 3557 3038 3612 sentire
3075 3563 3316 3629 possitis;
3367 3577 3420 3621 et
3447 3571 3539 3624 de-

1975 3633 2151 3688 lectati
2170 3635 2190 3671 ιί
2218 3637 2404 3691 notitia
2425 3639 2534 3693 oris
2554 3639 2640 3708 eju
2654 3658 2688 3708 ι,
2713 3643 2875 3712 ipsius
2896 3648 3112 3716 vestigia
3135 3653 3538 3727 subsequentes,

1973 3724 2153 3780 dicere
2173 3728 2391 3784 valeatis
2410 3731 2536 3785 illud
2560 3735 2699 3800 quod
2722 3737 2786 3788 ad
2814 3737 2975 3792 Deum
2997 3741 3323 3799 credentium
3344 3724 3539 3807 chorus

1974 3814 2207 3882 loquitur
2232 3835 2243 3868 :
2274 3817 2400 3872 Post
2429 3830 2474 3873 te
2493 3821 2548 3874 in
2570 3824 2778 3877 odorem
2809 3839 3176 3897 unguenton
3205 3843 3404 3890 tuorum
3425 3856 3540 3894 cur-

1974 3907 2132 3996 rimus
2162 3906 2332 3976 (Cant.
2368 3910 2436 3979 ι).
2467 3910 2618 3967 Hunc
2649 3915 2864 3970 ederem
2894 3924 3231 3978 commendat
3257 3925 3542 3996 Apostolus

1974 3993 2291 4050 Christianis
2320 4015 2440 4053 cum
2467 4001 2595 4056 dicit
2620 4022 2632 4055 :
2659 4003 2768 4060 Deo
2794 4019 2961 4061 autem
2987 4015 3185 4082 gratias
3202 4055 3216 4079 ,
3249 3993 3334 4085 qui
3360 4021 3539 4075 trium-

1972 4086 2097 4154 phat
2141 4103 2235 4140 nos
2262 4089 2314 4140 in
2348 4088 2550 4144 Christo
2575 4092 2726 4157 Jesu,
2759 4104 2806 4147 et
2833 4098 3039 4152 odorem
3068 4106 3264 4159 notitite
3289 4123 3394 4162 sua:
3429 4127 3542 4164 ma-

1973 4175 2185 4244 nifestat
2211 4193 2300 4244 per
2319 4194 2410 4230 nos
2434 4180 2484 4231 in
2521 4183 2662 4233 omni
2685 4182 2813 4247 loco,
2856 4187 2975 4254 quia
3004 4187 3193 4243 Christi
3221 4191 3385 4249 bonus
3414 4201 3542 4254 odor

1974 4280 2147 4354 sumus
2168 4263 2276 4318 Deo
2301 4265 2388 4336 (II
2407 4266 2525 4321 Cor.
2545 4268 2631 4337 ii).
2656 4269 3000 4327 Considerate
3019 4288 3273 4342 quantum
3310 4291 3540 4354 apostoli

1973 4353 2297 4422 profecerint
2317 4358 2593 4411 sentiendo
2613 4359 2832 4414 odorem
2857 4363 3070 4430 Christi,
3097 4364 3113 4404 ι
3138 4377 3193 4422 et
3211 4385 3328 4425 cum
3348 4353 3540 4443 praedi-

1975 4444 2199 4498 cationis
2229 4445 2530 4500 innocentia
2560 4458 2614 4502 et
2641 4451 2921 4506 sanctitate
2964 4455 3087 4510 vita:
3131 4459 3290 4515 etiam
3332 4469 3540 4522 czeteris

299 4519 650 4621 sedunmllin
695 4521 1010 4621 obediendO,
1064 4520 1742 4621 ita‘prollllnlia-li.?mni8
1788 4526 1874 4621 qui
1903 4559 1949 4618 ι)
1976 4533 2380 4603 praiferenduni,
2436 4539 2545 4606 qui,
2590 4539 2713 4594 dum
2761 4542 2981 4598 odorem
3035 4550 3181 4602 suavi
3239 4519 3539 4621 fragrantia;

303 4609 452 4663 audit
478 4611 627 4664 verba
661 4627 772 4663 mea
794 4611 902 4664 Ιιωσ
926 4620 974 4664 et
1002 4628 1107 4664 non
1141 4614 1265 4681 facit
1298 4629 1388 4680 ea,
1429 4613 1615 4666 similis
1648 4615 1743 4666 erit
1764 4615 1871 4666 viro

305 4701 464 4754 stulto
490 4703 574 4769 qui
596 4702 871 4770 a'diﬁcavit
896 4701 1102 4755 domum
1131 4717 1274 4754 suam
1303 4719 1460 4770 supra
1480 4718 1693 4755 arenam
1716 4719 1733 4755 :
1768 4701 1794 4738 ιι
1822 4712 1870 4755 et

302 4793 569 4846 descendit
595 4793 782 4863 pluvia,
815 4801 863 4844 et
888 4793 1139 4860 [buerunt
1165 4795 1296 4846 renti
1329 4802 1379 4846 et
1406 4796 1663 4847 irruerunt
1701 4795 1754 4846 in
1781 4793 1866 4846 do-

303 4897 445 4936 mum
471 4881 641 4945 illam,
661 4889 707 4933 et
734 4881 930 4945 cecidit,
947 4888 995 4934 et
1017 4881 1114 4951 fuit
1142 4882 1294 4935 ruina
1319 4883 1427 4951 ejus
1449 4899 1637 4953 magna
1661 4881 1869 4953 (Ibid.).

307 4968 514 5024 Videtis
539 4984 667 5038 ergo
696 4977 953 5037 quantum
993 4970 1203 5025 intersit
1243 4971 1382 5025 inter
1407 4972 1542 5025 bene
1571 4971 1872 5025 audientem

302 5061 361 5112 et
387 5058 527 5112 male
554 5057 855 5112 audientem
884 5075 897 5111 :
927 5058 982 5113 id
1009 5066 1138 5141 est,’
1170 5060 1308 5114 inter
1335 5077 1456 5114 eum
1502 5061 1594 5129 qui
1640 5059 1874 5115 custodit

302 5147 470 5201 verba
516 5146 632 5214 Dei,
669 5147 682 5183 ί
714 5155 769 5201 et
811 5147 951 5200 inter
978 5162 1100 5201 eum
1128 5149 1217 5216 qui
1247 5163 1310 5201 ea
1339 5150 1593 5215 audierit,
1638 5158 1692 5204 et
1721 5149 1870 5218 quasi

379 5266 404 5326 ξ·
445 5255 538 5326 Yel
564 5257 803 5321 obscene,
826 5255 904 5309 rel
928 5255 1198 5326 impudice.

376 5324 404 5364 δ
435 5324 792 5397 leoquentes.

378 5406 400 5434 ε
433 5395 588 5448 ΙΙιὶισ
604 5397 693 5449 illo
721 5399 848 5451 oleo.

375 5463 402 5500 ά
435 5465 830 5519 Causea-urunt.

379 5544 404 5603 οῗ
441 5533 588 5603 Unde
614 5546 661 5587 et
688 5538 741 5589 in
771 5534 1070 5603 Evangelia.

380 5602 402 5643 ί
434 5601 707 5658 Dicuntur.

377 5683 403 5720 τ
435 5671 798 5727 Trttdiderimt.

375 5743 404 5781 ιι
433 5741 503 5795 Et
524 5743 778 5798 descendit
807 5747 1004 5813 pluria,
1024 5754 1070 5798 et
1100 5751 1342 5799 venerunt
1377 5743 1617 5805 ﬂumina,
1647 5749 1696 5793 et
1712 5742 1871 5807 [lare-

1977 4623 2170 4677 Christi
2202 4635 2237 4660 ιη
2269 4626 2499 4695 undique
2527 4628 2838 4694 didundunt,
2871 4633 2966 4701 ipsi
2993 4651 3206 4705 quoque
3234 4639 3402 4695 bonus
3429 4644 3540 4699 Deo

1979 4713 2113 4766 odor
2133 4714 2304 4766 effecti
2331 4725 2473 4768 sunt.
2492 4717 2640 4782 Quod
2661 4721 2822 4772 etiam
2843 4722 2896 4775 in
2921 4724 3087 4790 vobis,
3103 4725 3291 4783 fratres
3312 4731 3541 4788 dilectis-

1979 4803 2117 4867 simi,
2149 4807 2389 4872 cupinius
2433 4807 2668 4874 impleri;
2702 4816 2757 4862 ut
2785 4826 2905 4864 cum
2950 4813 3049 4880 ipsi
3079 4815 3275 4872 bonum
3319 4823 3541 4879 odorem

1979 4893 2174 4948 Christi
2213 4895 2413 4948 notitiae
2441 4898 2710 4965 ceperitis,
2749 4903 3090 4958 suavissimus
3119 4906 3229 4962 Deo
3257 4911 3390 4967 oder
3419 4924 3442 4951 ι·
3473 4931 3538 4970 ex

1977 4985 2100 5038 vita:
2128 4985 2289 5039 etiam
2317 4993 2507 5041 vestrae
2533 4989 2813 5044 sanctitate
2855 4994 3192 5050 conscendat.
3234 4998 3335 5056 Per
3363 5003 3542 5061 Domi-

1980 5090 2132 5139 num,
2165 5084 2270 5132 etc.

1978 5265 2096 5310 runt
2122 5259 2292 5326 uenti.

2056 5326 2072 5406 ξ
2105 5325 2177 5409 ξι
2204 5325 2475 5409 intereunt
2495 5327 2579 5393 qui
2607 5341 2722 5379 eum
2750 5326 2968 5382 audierit
2995 5335 3140 5401 quasi
3163 5353 3438 5409 nunquam.

2048 5399 2061 5447 i
2099 5395 2403 5450 Contemnit.

2046 5465 2072 5504 ¹ι
2105 5465 2304 5519 Notitia
2331 5464 2502 5517 odoris
2529 5464 2658 5532 ejus.

2051 5535 2064 5572 ¹
2101 5534 2169 5586 Et
2194 5533 2712 5608 cumprtedicationis
2753 5537 3022 5608 instantia,
3058 5550 3104 5594 et
3132 5548 3403 5602 sanctitate
3429 5548 3540 5604 rite

1981 5607 2126 5658 etiam
2156 5604 2355 5656 cazteris
2382 5604 2722 5670 prwferendo.

2047 5685 2083 5711 ω
2110 5673 2309 5743 ubique
2335 5687 2432 5740 pro
2455 5671 2696 5743 undique.

2047 5753 2070 5779 η
2099 5742 2270 5796 Etiam
2291 5759 2355 5796 ea:
2375 5750 2552 5796 vestra:
2574 5742 2688 5798 uita:
2707 5750 2984 5805 sanctitate
3007 5753 3273 5812 ascendat.
