4054 6194
1719 333 1778 389 8.
1820 333 2063 389 MAXIM!
2098 331 2551 392 TAllRlNENSIS

1726 457 2422 543 TRACTATUS
2476 460 2510 537 Ι
2524 460 2556 537 Ι
2568 517 2588 537 .

1932 591 2017 645 DE
2042 593 2356 645 BAPTISMO
2383 600 2423 644 ³.

598 699 757 769 713
784 696 1131 751 Promisimus
1162 705 1185 734 ³
1217 696 1389 765 primo
1427 704 1662 752 tractatu
1700 713 1799 752 nos
1825 697 1894 753 de
1921 697 2099 753 omni-
2127 701 2175 758 Δ
2202 697 2337 753 toris
2357 697 2661 767 imperium,
2679 697 2769 767 qui
2789 711 2910 755 cum
2931 696 2999 752 ad
3019 695 3233 755 Patrem
3257 698 3311 755 in
3334 699 3501 757 caelos
3520 668 3772 758 ascende.

527 788 629 844 bus
656 802 775 856 qum
798 802 894 856 per
921 786 1272 840 ministerium
1302 794 1541 840 nostrum
1569 796 1625 842 et
1650 785 1847 842 Christi
1877 788 2104 854 gratiam

528 879 803 934 consecuti
828 878 980 945 estis,
1009 877 1277 948 mysteriis
1304 876 1595 941 locuturos,
1626 892 1696 932 ne
1722 893 1828 947 qua
1857 879 2011 934 nobis
2038 879 2107 934 de

528 969 827 1037 ignorantia
857 968 1174 1036 negligentia
1223 974 1547 1022 nasceretur.
1593 967 1700 1022 Sed
1745 968 2107 1023 consuluimus

529 1059 700 1113 labori
719 1065 899 1112 vestro
919 1065 975 1111 et
996 1057 1286 1121 memoriae,
1310 1056 1657 1127 providentes
1682 1072 1748 1112 ne
1768 1066 1860 1112 aut
1878 1058 2106 1112 lassatus

529 1148 796 1204 audiendo
825 1147 1033 1201 animus
1073 1148 1253 1201 omnia
1299 1148 1597 1215 intelligere
1626 1164 1731 1202 non
1780 1156 1982 1217 posset,
2015 1155 2107 1201 aut

528 1239 817 1293 multorum
872 1237 1027 1290 simul
1078 1238 1386 1304 cognitione
1438 1239 1696 1292 memoria
1750 1245 2103 1306 praegravata,

529 1331 690 1384 etiam
711 1343 830 1398 quae
852 1328 1222 1391 intellexisset,
1249 1328 1357 1382 cito
1377 1328 1540 1382 oblita
1560 1327 1896 1397 deperderet.
1930 1326 2105 1382 Prima

529 1432 659 1486 ergo
687 1417 1066 1487 praedicatione
1108 1416 1175 1471 de
1215 1417 1297 1471 his
1341 1424 1546 1471 tantum
1589 1416 1752 1471 locuti
1782 1433 1964 1473 sumus
1989 1432 2107 1486 quae

529 1510 702 1574 vobis,
734 1508 1043 1577 priusquam
1064 1506 1129 1560 ad
1153 1505 1355 1561 fontem
1382 1515 1624 1561 sanctum
1657 1508 1925 1571 veniretis,
1951 1508 2107 1576 juxta

529 1599 810 1654 catholica:
837 1598 1035 1665 regulae
1062 1598 1304 1651 instituta
1334 1598 1678 1663 tradidimus;
1708 1606 1763 1651 et
1789 1598 1917 1667 quid
1945 1597 2108 1665 signi-

531 1688 718 1745 ﬁcaret
744 1690 926 1744 unctio
970 1704 1107 1757 qum,
1158 1687 1382 1742 diversis
1410 1689 1653 1757 corporis
1680 1689 1845 1742 vestri
1871 1687 2106 1741 adhibita

528 1774 787 1849 partibus,
811 1766 1079 1832 diversum
1100 1777 1429 1831 intellectum
1452 1776 1713 1844 designat,
1741 1785 1903 1847 prout
1928 1777 2109 1831 Domi—

532 1883 631 1922 nus
674 1867 877 1921 donare
923 1866 1172 1933 dignatus
1220 1873 1303 1920 est
1348 1865 1683 1934 interpretati
1729 1880 1936 1931 sumus,
1985 1880 2108 1920 cum

529 1959 922 2013 ostenderimus
951 1973 1046 2012 vos
1066 1972 1163 2027 per
1189 1958 1366 2011 oleum
1391 1955 1829 2011 sanctiﬁcationis
1855 1956 1923 2010 ad
1956 1956 2109 2013 audi-

2204 797 2308 851 ret,
2343 785 2355 823 ί
2392 786 2686 855 discipulis,
2716 787 2768 841 id
2795 794 2877 841 est
2903 787 3162 857 apostolis
3192 787 3532 844 demandavit
3558 790 3773 846 dicens:

2203 875 2399 931 Euntes
2425 876 2681 945 baptisate
2722 892 2896 930 omnes
2926 886 3100 946 gentes
3141 878 3196 932 in
3240 879 3444 935 nomine
3490 878 3703 943 Patris,
3732 890 3778 933 et

2204 965 2366 1034 Filii,
2394 975 2443 1020 et
2470 966 2698 1037 Spiritus
2742 966 2938 1031 sancti,
2983 966 3218 1020 docentes
3244 984 3329 1022 eos
3359 983 3563 1021 servare
3608 969 3778 1023 omnia

2202 1074 2511 1129 qutzcunque
2531 1058 2767 1112 mandavi
2791 1058 2925 1112 vobis
2947 1056 3158 1129 (Matth.
3181 1061 3383 1127 xxvnl).
3409 1057 3579 1112 Nemo
3599 1066 3776 1113 autem

2203 1164 2325 1202 cum
2354 1148 2501 1203 audit
2528 1146 2763 1212 Patrem,
2794 1155 2850 1201 et
2877 1147 3067 1205 Filium
3087 1189 3103 1217 ,
3131 1156 3186 1203 et
3213 1147 3469 1219 Spiritum
3513 1158 3777 1217 sanctum,

2205 1248 2314 1293 tres
2340 1238 2480 1293 Deos
2520 1254 2618 1293 nos
2652 1237 2882 1292 aestimet
2925 1237 3186 1293 conﬁteri.
3239 1238 3393 1306 Quod
3441 1242 3777 1307 sacrilegium

2204 1329 2345 1383 absit
2370 1328 2527 1396 longe
2555 1342 2587 1383 a
2609 1326 2709 1383 ﬁde
2735 1334 2917 1381 nostra
2942 1326 2955 1378 ε
2992 1328 3005 1377 l
3040 1327 3163 1397 quia
3194 1344 3355 1382 unum
3379 1329 3548 1384 Deum
3577 1339 3775 1384 tantum

2205 1433 2341 1480 esse,
2362 1418 2478 1485 ipso
2507 1423 2815 1481 attestante,
2846 1417 3211 1484 cognovimus.
3237 1416 3369 1491 Ego,
3394 1418 3588 1488 inquit,
3619 1418 3775 1481 Deus,

2205 1518 2254 1562 et
2278 1525 2378 1561 non
2410 1517 2487 1563 est
2514 1508 2645 1563 alius
2674 1517 2861 1577 prater
2897 1525 3003 1573 me;
3026 1507 3197 1579 justus
3224 1517 3271 1562 et
3301 1507 3545 1563 Salvator
3574 1526 3679 1564 non
3706 1520 3778 1564 est
3832 1558 3845 1563 -

2205 1609 2393 1670 prater
2418 1616 2515 1653 me.
2559 1598 2925 1655 Convertimini
2953 1600 3022 1652 ad
3049 1616 3161 1664 me,
3203 1609 3252 1653 et
3278 1601 3404 1654 salvi
3442 1601 3616 1664 eritis,
3664 1604 3793 1672 quia-

2206 1690 2270 1742 ab
2299 1697 2524 1742 extremo
2550 1698 2699 1744 terra:
2726 1705 2820 1758 ego
2852 1705 2965 1743 sum
2990 1687 3126 1742 Deus
3146 1731 3161 1755 ,
3189 1698 3238 1742 et
3266 1706 3368 1743 non
3387 1699 3463 1743 est
3488 1690 3622 1744 alius
3643 1706 3777 1757 prte-

2205 1784 2284 1829 ter
2306 1792 2384 1829 me
2408 1775 2561 1845 (Isai.
2592 1792 2713 1840 xsv,
2744 1785 2793 1829 et
2815 1775 2936 1831 Ose.
2969 1777 3105 1845 xm.)
3136 1775 3199 1830 Et
3232 1777 3286 1830 in
3310 1777 3416 1831 alio
3440 1777 3595 1832 libro.
3621 1780 3779 1847 Audi,

2207 1864 2376 1919 Israel
2414 1882 2431 1920 :
2471 1864 2722 1921 Dominus
2764 1864 2903 1919 Deus
2929 1876 3044 1920 tuus
3065 1908 3080 1933 ,
3112 1865 3250 1922 Deus
3276 1882 3404 1923 unus
3433 1877 3509 1922 est
3533 1868 3779 1938 (Denter.

2209 1954 2305 2023 vr).
2335 1954 2403 2011 Et
2428 1970 2611 2011 rursus
2636 1974 2648 2007 :
2682 1954 2931 2010 Dominus
2952 1954 3089 2010 Deus
3112 1964 3225 2011 tuus
3246 1957 3327 2010 Itic
3345 1967 3421 2010 est
3443 1959 3497 2010 in
3522 1957 3649 2011 caelo
3670 1975 3783 2011 sur-

532 2060 644 2104 tum
686 2048 713 2088 δ
757 2049 879 2104 ﬁdei
922 2055 1251 2118 praeparatos
1296 2056 1350 2102 et
1394 2048 1594 2102 bonum
1638 2045 1837 2102 Christi
1888 2047 2109 2103 odorem
2142 2054 2186 2114 Β
2212 2061 2325 2100 sum
2361 2052 2409 2099 et
2436 2046 2490 2098 in
2516 2053 2655 2099 terra
2676 2045 2934 2111 deorsum,
2961 2053 3132 2100 etnon
3157 2054 3230 2099 est
3251 2046 3385 2100 alius
3405 2055 3594 2118 praeter
3613 2048 3782 2116 ipsum

534 2149 788 2207 vocatos,
818 2155 886 2194 ex
918 2149 1031 2195 toto
1060 2140 1223 2194 corde
1249 2140 1729 2197 abrenuntiandum
1756 2150 1778 2178 ο
1810 2155 1929 2195 esse
1957 2156 2107 2195 com-

534 2233 787 2288 monitos.
812 2231 963 2287 Nunc
982 2247 1116 2287 vero
1138 2231 1204 2286 de
1228 2232 1568 2286 interioribus
1590 2232 1858 2302 mysteriis
1879 2231 2110 2287 locuturi

531 2337 716 2376 sumus
735 2335 853 2389 quae
875 2321 926 2374 in
947 2320 1064 2389 ipso
1084 2328 1270 2375 sancto
1286 2320 1431 2375 fonte
1452 2320 1723 2375 celebrata
1744 2328 1887 2375 sunt.
1905 2319 2109 2375 Emissa

532 2413 675 2467 enim
703 2411 999 2466 certissima
1026 2412 1293 2475 cautione,
1325 2426 1430 2479 qua
1460 2427 1555 2466 vos
1583 2412 1963 2467 abrenuntiare
1991 2428 2109 2467 om-

533 2502 690 2555 nibus
717 2500 930 2570 pompis
974 2507 1029 2553 et
1058 2500 1307 2568 operibus
1334 2499 1476 2569 ejus,
1508 2508 1562 2554 et
1600 2501 1745 2555 omni
1773 2498 2110 2555 fornicationi

532 2586 808 2644 diabolicae
860 2587 1259 2657 spepondistis,
1316 2588 1343 2626 ἀ
1401 2589 1750 2647 descendistis
1805 2591 1858 2645 in
1909 2591 2108 2646 fontem

533 2697 775 2744 sacmm,
809 2677 1010 2735 fontem
1036 2680 1186 2742 vitm,
1219 2680 1421 2735 fontem
1464 2681 1875 2752 redemptionis,
1907 2682 2111 2738 fontem

537 2768 931 2827 sanctiﬁcatum
958 2770 1157 2823 virtute
1184 2770 1407 2835 etnlesti,
1440 2778 1495 2825 et
1522 2771 1595 2825 ita
1619 2774 2024 2837 sanctiﬁcatum,
2052 2780 2112 2827 ut

539 2861 786 2916 homines
810 2876 908 2930 per
934 2861 1096 2915 multa
1129 2870 1350 2931 peccata
1371 2862 1621 2916 diluendo
1644 2862 1961 2919 sanctiﬁcet.
1994 2862 2109 2918 Non

535 2952 681 3006 enim
709 2951 915 3005 debetis
942 2951 1057 3005 illas
1082 2966 1248 3020 aquas
1276 2952 1444 3006 oculis
1467 2952 1751 3018 msrimare,
1784 2952 1879 3007 sed
1908 2960 2107 3009 mente.

540 3041 676 3096 Nam
704 3042 805 3097 etsi
832 3042 1128 3096 substantia
1148 3041 1287 3095 illius
1308 3056 1459 3110 aquae
1478 3040 1545 3095 de
1564 3042 1833 3097 communi
1852 3057 2111 3112 aquarum

474 3118 477 3121 ’
540 3140 730 3188 natura
750 3132 841 3200 sit,
862 3141 888 3170 ε
912 3133 1132 3187 eﬁ'ectus
1159 3141 1335 3187 tamen
1351 3133 1516 3203 ipsius
1539 3148 1603 3188 ex
1619 3132 1714 3189 Dei
1736 3134 1906 3202 gratia
1925 3142 1983 3189 et
2004 3134 2112 3189 vir-

540 3230 655 3277 tute
693 3222 962 3292 procedit,
991 3223 1083 3293 qui
1110 3224 1312 3278 creavit
1338 3238 1502 3293 aquas
1529 3232 1587 3279 ut
1627 3233 1834 3280 secreta
1860 3226 2113 3295 potentiae

539 3327 651 3369 sum
676 3313 872 3368 virtute
898 3322 1117 3383 peccata
1140 3328 1259 3383 qua:
1284 3330 1392 3369 non
1419 3315 1667 3371 videntur
1693 3317 1952 3373 ablueret.
1992 3316 2112 3389 Spi-

2212 2133 2447 2203 (Deuter.
2471 2133 2564 2201 tv).
2590 2134 2721 2189 Tres
2736 2148 2862 2201 ergo
2883 2149 3140 2211 personas
3160 2143 3402 2190 tenemus
3416 2142 3472 2190 et
3489 2136 3778 2201 credimus,

2212 2222 2266 2279 id
2292 2230 2376 2278 est
2404 2224 2635 2287 Patrem,
2664 2232 2719 2279 et
2742 2224 2953 2290 Filium,
2979 2232 3033 2279 et
3052 2224 3309 2293 Spiritum
3330 2234 3597 2293 sanctum,
3626 2228 3783 2283 unius

2212 2313 2494 2384 potentiae,
2525 2313 2680 2370 unius
2706 2314 3041 2379 substantize,
3071 2314 3228 2369 unius
3253 2315 3593 2382 aeternitatis,
3626 2317 3784 2371 unius

2213 2406 2522 2471 voluntatis,
2554 2406 2711 2461 unius
2740 2406 2899 2461 etiam
2928 2405 3160 2470 deitatis,
3184 2413 3239 2461 et
3270 2414 3437 2462 totam
3466 2406 3784 2463 Trinitatem

2212 2497 2367 2551 unius
2411 2494 2508 2551 Dei
2552 2496 2909 2566 appellatione
2953 2511 3291 2553 veneramur.
3340 2495 3573 2553 Credere
3604 2506 3783 2554 autem

2211 2586 2390 2657 plures
2434 2586 2572 2641 Deos
2617 2586 2827 2654 gentilis
2877 2585 3121 2655 impietas
3166 2594 3268 2642 est.
3316 2584 3382 2641 Et
3408 2586 3625 2641 iterum.
3668 2585 3785 2641 Non

2211 2677 2430 2733 credere
2454 2686 2561 2733 tres
2585 2692 2843 2747 personas
2864 2677 3019 2733 unius
3039 2677 3348 2733 substantiae
3368 2677 3423 2731 in
3449 2692 3555 2731 una
3577 2676 3783 2733 deitale

2211 2776 2371 2837 atque
2394 2769 2719 2837 mqualitate,
2735 2768 2820 2825 vel
2841 2768 3226 2833 comternitate,
3250 2768 3498 2825 haeretica
3517 2768 3785 2843 dementia

2211 2865 2320 2921 est;
2343 2872 2464 2913 cum
2486 2855 2764 2913 manifesta
2793 2858 2909 2925 haec
2927 2857 3014 2923 sit,
3037 2872 3196 2926 quam
3222 2858 3467 2926 diximus,
3492 2861 3787 2915 auctoritas

2210 2946 2404 3004 Christi
2430 2966 2443 3002 :
2487 2948 2756 3019 Baptizate
2783 2966 2955 3007 omnes
2982 2959 3153 3019 gentes
3187 2950 3241 3003 in
3272 2951 3473 3006 nomine
3500 2949 3712 3016 Patris,
3741 2961 3789 3006 et

2212 3039 2361 3109 Filii,
2380 3048 2430 3095 et
2464 3039 2691 3111 Spiritus
2726 3042 2891 3096 sancti
2930 3040 3141 3110 (Matth.
3167 3041 3375 3106 xxvm).
3416 3042 3573 3110 Quod
3609 3054 3787 3100 autem

2212 3131 2682 3201 interrogavimus:
2704 3131 2729 3170 ¹ι
2755 3130 2941 3188 Credis
2966 3133 3018 3187 in
3039 3142 3277 3190 sanctam
3302 3133 3624 3201 Ecclesiam,
3640 3142 3695 3188 et
3716 3149 3783 3190 re

2211 3221 2516 3277 missionem
2538 3224 2912 3291 peccatorum?
2934 3225 2981 3293 7
2992 3227 3089 3295 15
3106 3240 3214 3279 non
3230 3238 3294 3279 eo
3311 3223 3471 3280 modo
3487 3225 3788 3291 interroga-

2212 3314 2402 3380 vimus,
2421 3321 2478 3368 ut
2497 3328 2603 3384 quo
2618 3313 2777 3369 modo
2806 3315 2857 3370 in
2881 3313 3047 3373 Deum
3076 3316 3326 3380 creditur,
3360 3314 3378 3354 ι
3406 3316 3484 3372 sic
3514 3315 3568 3370 in
3598 3314 3788 3371 Eccle—

539 3403 672 3459 ritus
698 3404 841 3459 enim
868 3411 1084 3459 sanctus
1112 3404 1164 3458 in
1195 3404 1283 3459 illa
1313 3420 1447 3474 aqua
1474 3414 1748 3475 operatur,
1780 3415 1838 3461 ut
1871 3409 1959 3476 qui
1988 3416 2113 3462 ante
2136 3396 2182 3457 C
2214 3406 2348 3460 siam
2372 3414 2609 3461 sanctam
2629 3405 2969 3463 catholicam.
2991 3404 3282 3476 Propterea
3303 3415 3487 3461 sancta
3517 3415 3572 3461 et
3598 3407 3785 3463 catho-

539 3492 861 3562 baptismum
905 3492 1237 3548 diversorum
1265 3492 1545 3549 criminum
1589 3495 1665 3549 rei
1695 3496 2031 3563 tenebantur,
2059 3505 2115 3552 et

538 3597 660 3637 cum
689 3581 902 3637 diabolo
932 3582 985 3636 in
1028 3583 1271 3651 gehenna
1310 3584 1496 3638 teterni
1543 3583 1680 3652 ignis
1726 3585 1896 3640 arsuri
1940 3594 2110 3651 erant,

540 3678 665 3740 post
690 3670 1013 3741 baptismum
1046 3673 1098 3725 in
1127 3672 1384 3727 caelorum
1414 3688 1635 3743 regnum
1660 3674 1859 3729 intrare
1894 3674 1911 3713 τ
1942 3691 2116 3730 mere-

539 3768 743 3815 rentur.
775 3760 926 3816 Unde
954 3761 1209 3815 Dominus
1254 3762 1306 3815 in
1336 3760 1627 3829 Evangelia
1655 3765 1950 3832 potentiam
1980 3766 2115 3820 tanti

537 3849 842 3918 exprimens
869 3850 1186 3904 sacramenti
1211 3850 1285 3901 ait
1310 3867 1322 3901 :
1352 3848 1472 3902 Nisi
1499 3852 1608 3920 quis
1638 3861 1845 3906 renatus
1868 3855 2019 3922 fuerit
2051 3871 2114 3908 ea:

537 3953 674 4008 aqua
707 3938 868 4008 71h
912 3945 958 3991 et
1005 3936 1203 4006 Spiritu
1248 3948 1461 4003 sancto,
1493 3955 1595 3993 non
1642 3948 1805 4009 potest
1832 3943 2028 3997 intrare
2060 3945 2113 3998 in

540 4043 749 4095 regnum
787 4026 887 4082 Dei
916 4025 1096 4096 (Joan.
1137 4027 1237 4095 ιιι).
1280 4028 1338 4081 In
1368 4028 1472 4083 hoc
1499 4043 1627 4098 ergo
1656 4027 1803 4085 fonte
1830 4040 2114 4101 antequam

540 4130 635 4171 vos
664 4124 778 4172 toto
801 4126 1029 4187 corpore
1056 4117 1403 4186 tingeremus,
1427 4119 1870 4189 interrogavimus
1895 4140 1906 4174 :
1931 4121 2116 4178 Credis

539 4205 595 4260 in
614 4205 779 4261 Deum
798 4204 1010 4260 Patrem
1025 4205 1483 4276 omnipotentem?
1504 4207 1873 4278 Respondistis
1890 4228 1903 4262 :
1920 4210 2111 4265 Credo.

542 4295 747 4352 Rursus
774 4297 1217 4365 interrogavimus
1239 4315 1252 4350 :
1276 4298 1463 4354 Credis
1490 4308 1545 4354 et
1570 4299 1622 4355 in
1643 4299 1826 4355 Jesum
1846 4301 2114 4356 Christum

540 4386 731 4441 Filium
770 4388 905 4456 ejus,
940 4395 965 4434 κ
996 4387 1086 4455 qui
1116 4396 1406 4457 conceptus
1448 4398 1531 4444 est
1556 4389 1623 4445 de
1665 4389 1869 4460 Spiritu
1907 4398 2112 4459 saneto,

538 4486 596 4534 et
621 4486 776 4533 natus
801 4485 883 4531 est
912 4492 977 4531 ex
1006 4476 1172 4531 Maria
1199 4476 1453 4545 Virgine?
1482 4479 1852 4548 Respondistis
1877 4482 2069 4549 singuli
2095 4500 2108 4536 :

538 4568 735 4624 Credo.
765 4568 792 4605 ιι
814 4567 1013 4622 lterum
1034 4567 1477 4635 interrogavimus
1501 4586 1514 4621 :
1545 4570 1733 4625 Credis
1760 4579 1816 4626 et
1855 4573 1908 4626 in
1941 4571 2114 4643 Spiri-

543 4666 659 4713 tum
701 4659 982 4714 sanetum?
1028 4657 1380 4727 respondistis
1426 4658 1711 4713 similiter:
1744 4659 1937 4715 Credo.
1990 4660 2115 4718 Haec

2212 3495 2313 3551 lica
2335 3505 2437 3565 est,
2456 3497 2579 3566 quia
2600 3504 2746 3551 recte
2766 3496 2937 3553 credit
2958 3497 3009 3553 in
3027 3496 3214 3553 Deum.
3237 3496 3355 3551 Non
3378 3510 3512 3565 ergo
3536 3497 3786 3562 diximus,

2213 3594 2272 3639 ut
2287 3586 2337 3640 in
2354 3584 2643 3641 Eeclesiam
2658 3586 2809 3654 quasi
2825 3586 2877 3640 in
2894 3586 3059 3641 Deum
3074 3586 3381 3652 crederetis,
3399 3586 3496 3641 sed
3512 3586 3790 3656 intelligite

2214 3691 2313 3730 nos
2340 3676 2515 3730 dicere
2543 3683 2593 3729 et
2628 3674 2839 3742 dixisse,
2874 3683 2930 3730 ut
2958 3675 3009 3731 in
3041 3674 3275 3731 Ecclesia
3304 3682 3488 3733 sancta
3519 3683 3574 3730 et
3602 3678 3789 3732 catho-

2215 3764 2318 3820 lica
2372 3771 2752 3819 conversantes
2796 3764 2850 3817 in
2899 3764 3068 3819 Deum
3120 3763 3429 3819 crederetis.
3487 3763 3791 3819 Crederetis

2213 3856 2375 3910 etiam
2410 3855 2855 3910 resurrectionem
2894 3855 3094 3921 carnis,
3139 3869 3259 3923 quae
3304 3853 3479 3910 futura
3511 3864 3617 3910 est.
3644 3854 3791 3911 Sicut

2214 3957 2343 4011 ergo
2388 3943 2440 3998 in
2483 3943 2756 3999 Trinitatis
2798 3944 3110 4014 mysterium
3154 3944 3475 4008 credidistis.
3527 3954 3585 4000 et
3631 3961 3788 3999 unum

2215 4033 2381 4089 Deum
2409 4035 2462 4089 in
2492 4033 2683 4100 Patris,
2714 4042 2770 4090 et
2796 4034 2934 4098 Filii,
2984 4049 3047 4088 ac
3090 4034 3324 4104 Spiritus
3351 4036 3525 4088 sancti
3574 4035 3790 4090 nomine

2214 4125 2539 4195 suscepistis,
2582 4126 2722 4181 sicut
2766 4125 2922 4181 vobis
2967 4125 3265 4180 credidistis
3308 4124 3628 4181 dimittenda
3673 4140 3790 4181 esse

2212 4223 2465 4285 peccata,
2496 4223 2552 4269 et
2594 4230 2736 4270 nunc
2758 4214 2867 4282 jam
2916 4230 3015 4284 per
3060 4215 3382 4284 baptismum
3410 4214 3635 4271 creditis
3674 4228 3787 4269 esse

2213 4306 2456 4369 dimissa;
2506 4306 2580 4359 ita
2626 4305 2788 4361 etiam
2834 4304 3279 4360 resurrectionem
3324 4303 3505 4359 carnis
3552 4302 3785 4359 futuram

2214 4403 2254 4432 ω
2282 4410 2402 4451 esse
2428 4394 2651 4460 credite,
2682 4394 2824 4464 quod
2853 4402 3001 4451 certe
3027 4409 3123 4450 vos
3156 4394 3376 4449 credere
3404 4392 3779 4463 spopondistis.

2215 4483 2273 4539 lu
2302 4485 2406 4540 hoc
2434 4485 2577 4539 enim
2619 4484 3040 4540 Christianorum
3085 4500 3209 4553 spes
3256 4491 3368 4539 tota
3420 4485 3686 4548 consistit,
3730 4492 3784 4536 ut

2214 4573 2372 4643 hujus
2392 4589 2497 4629 non
2517 4574 2735 4631 alterius
2756 4572 2998 4642 corporis
3016 4574 3461 4628 resurrectionem
3489 4574 3547 4631 in
3562 4573 3789 4642 veritate

2212 4668 2444 4723 futuram
2470 4683 2590 4723 esse
2616 4667 2913 4721 credamus.
2938 4664 3007 4721 Et
3028 4665 3475 4736 quemadmodum
3504 4681 3650 4721 nunc
3674 4673 3787 4720 sta-

541 4756 724 4806 autem
742 4748 965 4805 fecimus
978 4748 1132 4818 juxta
1152 4747 1361 4804 Domini
1379 4749 1549 4805 nostri
1567 4749 1694 4805 Jesu
1713 4749 1909 4807 Christi
1929 4752 2115 4810 Salva-
2142 4746 2194 4806 ι)
2216 4775 2335 4815 mus
2362 4760 2416 4816 in
2443 4759 2681 4816 Ecclesia
2707 4766 2833 4814 ante
2858 4758 3029 4814 altare
3052 4756 3173 4824 Dei,
3194 4756 3268 4812 ita
3294 4771 3395 4812 nos
3419 4756 3476 4812 in
3496 4755 3588 4813 die
3602 4755 3784 4827 judicii

614 4890 639 4918 ι
666 4878 800 4936 Cod.
830 4886 1057 4952 monast.
1082 4878 1151 4952 de
1178 4877 1550 4952 Appannis‘ita
1580 4880 1801 4950 incipit:
1834 4882 2114 4952 Super-iere

543 4956 783 5022 tractatu,
812 4951 857 5003 si
883 4950 1012 5022 bene
1050 4950 1235 5003 retinet
1268 4950 1517 5003 sanctitas
1554 4960 1741 5015 vestra,
1782 4950 2111 5022 promisimus

543 5034 638 5072 nos
663 5018 734 5088 de,
753 5020 1008 5088 omnibus,
1030 5027 1134 5074 etc.

616 5100 643 5125 δ
667 5086 833 5154 Plane
858 5086 997 5154 ﬁdei.

615 5165 639 5193 ε
669 5152 888 5207 Diabolo
914 5170 1022 5210 esse
1048 5156 1403 5210 commonitos.

609 5221 638 5261 ἀ
669 5222 1041 5307 ρξδεςηάςηιεδ
1067 5228 1121 5279 in
1152 5227 1583 5307 {antemnfq'ntem
1611 5238 1835 5307 sacrum.

611 5303 638 5331 ο
664 5291 895 5365 Effectus
915 5301 1083 5365 tamen
1112 5291 1224 5364 ejus
1252 5291 1485 5363 specialis
1523 5308 1596 5365 est
1617 5292 1713 5347 Dei
1738 5296 1904 5365 gratia
1931 5306 1979 5349 et
2006 5298 2109 5350 vir-

540 5372 646 5417 tute
662 5360 917 5433 procedit,
935 5364 1042 5433 quid
1059 5360 1244 5416 creavit
1272 5360 1451 5433 aquas,
1490 5361 1669 5433 quibus
1688 5360 1977 5433 corporales
1997 5382 2110 5419 sor-

538 5434 630 5487 des
662 5428 724 5485 ac
756 5428 973 5483 visibiles
993 5431 1271 5506 diluuntur.
1292 5428 1329 5486 Ϊ
1323 5448 1411 5503 pse
1428 5428 1548 5506 ergo
1563 5428 1905 5503 sanctiﬁcarit
1924 5452 2105 5506 aquas,

538 5519 631 5575 per
656 5516 780 5572 quas
810 5510 1002 5575 secreta
1028 5503 1268 5570 potentia:
1293 5518 1402 5557 sua:
1419 5503 1599 5556 virtute
1621 5511 1849 5574 peccata,
1873 5503 1986 5575 quas
2005 5521 2107 5559 non

541 5569 773 5627 bidentur
800 5569 1044 5624 ablueret.

615 5683 629 5713 ⁸
662 5679 867 5735 Titulus
895 5678 947 5732 iu
976 5675 1103 5732 edit.
1128 5694 1141 5731 :
1174 5676 1252 5731 De
1275 5680 1517 5743 mysterio
1543 5679 1891 5749 baptismatis.

2288 4888 2307 4928 τ
2339 4890 2655 4946 Mereantur.

2284 4969 2308 5030 β
2341 4960 2439 5030 Qui
2464 4971 2613 5015 natus
2639 4961 2800 5016 estde
2828 4959 3030 5030 Spiritu
3053 4968 3242 5030 sancto_
3253 4968 3303 5013 et
3331 4956 3509 5012 Maria
3532 4959 3747 5030 virgine.

2286 5026 2309 5112 ξι
2342 5028 2535 5112 {terum
2560 5026 2988 5112 interrogatith
3007 5048 3027 5084 :
3054 5038 3105 5085 et
3131 5031 3184 5084 in
3204 5028 3461 5099 Spiritum
3488 5026 3748 5083 sanctum.

2286 5097 2300 5133 ί
2338 5097 2616 5168 Discipulis
2636 5097 2764 5155 suis.

2285 5168 2299 5240 ρ
2339 5166 2438 5240 Qui
2459 5166 2555 5240 pro
2583 5172 2721 5240 quia.

2283 5234 2308 5272 ¹ι
2339 5234 2516 5306 Credis
2555 5234 2789 5292 sanctam
2835 5237 3121 5293 Ecclesium
3161 5236 3361 5305 absque
3401 5234 3786 5306 pmpositione

2211 5305 2295 5368 in,
2335 5305 2530 5387 deinde
2575 5308 2722 5362 addit
2749 5309 3100 5363 remissionem
3146 5313 3468 5378 peccatorum
3517 5305 3571 5361 et
3607 5308 3785 5363 carnis

2211 5386 2648 5431 resurrectionem.

2288 5440 2306 5480 ι
2339 5441 2428 5497 Sic
2454 5454 2504 5497 et
2529 5446 2585 5498 in
2610 5445 2918 5504 Ecclesium.

2281 5522 2320 5550 ω
2350 5512 2511 5569 Deest
2534 5530 2663 5572 esse.
