4054 6194
216 310 313 366 177

1289 304 1693 365 TRACTATUS
1727 304 1813 364 lll.
1856 309 1943 365 DE
1982 306 2331 370 BAPTISMO.

3351 308 3464 375 778

213 432 240 459 ιι
267 426 509 476 staturos
535 419 816 473 credamus
843 426 968 474 ante
998 418 1226 473 tribunal
1258 419 1368 482 Dei,
1394 420 1604 473 dicente
1634 422 1791 476 beato
1819 426 1865 479 Α
1894 437 2107 492 semper
2133 424 2344 486 ardeat,
2393 432 2448 477 et
2494 428 2762 493 nunquam
2806 423 3043 479 ardendo
3069 424 3300 480 deﬁciat.
3346 426 3465 482 lloe.

214 509 463 580 apostolo
492 507 658 562 Paulo
682 512 697 561 :'
726 509 914 561 Omnes
948 524 1042 560 nos
1078 509 1400 576 manifestari
1440 517 1636 577 oportet
1672 517 1796 561 ante

215 597 443 652 tribunal
461 595 672 661 Christi,
693 604 748 648 ut
768 598 957 667 referat
977 596 1314 664 unusquisque
1334 597 1543 665 propria
1562 597 1794 665 corporis

215 691 316 752 sui,
345 696 498 758 prout
532 687 709 757 gessit,
747 685 849 739 sive
877 684 1061 739 bonum
1091 685 1193 737 sive
1218 685 1411 737 malum
1447 682 1535 751 (II
1561 683 1679 737 Cor.
1712 686 1789 753 v).

217 778 285 832 Et
313 779 368 833 id
394 776 639 844 estquod
669 776 907 831 inﬁdeles
936 776 1124 830 animae
1143 789 1249 830 non
1278 775 1505 829 credunt
1532 776 1790 830 futurum.

217 867 286 922 Et
304 875 432 922 sunt
450 867 615 935 aliqui
635 866 727 934 qui
748 866 900 920 labiis
918 865 1137 920 credere
1159 866 1496 936 promittunt,
1519 864 1611 919 sed
1631 864 1796 919 corde

217 959 538 1028 desperant;
569 958 661 1025 qui
701 956 955 1025 grandem
995 955 1349 1025 omnipotenti
1393 954 1505 1009 Deo
1548 954 1795 1023 iniuriam

218 1050 443 1113 faciunt,
474 1063 505 1101 a
532 1062 640 1115 quo
668 1046 914 1101 homines
941 1054 1064 1115 post
1093 1054 1323 1101 mortem
1362 1045 1607 1100 suscitari
1634 1054 1690 1100 et
1715 1047 1796 1101 vi-

217 1139 427 1194 viﬁcari
454 1152 614 1207 posse
642 1152 751 1190 non
792 1135 1033 1191 credunt.
1066 1136 1173 1190 Nos
1218 1145 1419 1199 autem,
1468 1137 1560 1206 qui
1603 1135 1797 1191 divinis

218 1229 445 1283 vocibus
487 1227 797 1281 adhibemus
840 1226 1016 1289 ﬁdem,
1068 1226 1135 1280 de
1177 1226 1567 1280 resurrectione
1610 1233 1795 1280 nostra

218 1321 467 1375 dubitare
496 1334 603 1372 non
630 1333 931 1387 possumus.
962 1316 1240 1371 Credimus
1284 1318 1426 1371 enim
1455 1316 1596 1386 quod
1633 1316 1792 1380 Deus,

218 1408 316 1477 qui
347 1407 471 1461 fecit
497 1406 760 1471 homines,
791 1420 912 1459 cum
937 1412 1061 1459 ante
1090 1422 1196 1460 non
1224 1405 1466 1471 fuissent,
1498 1406 1652 1460 facile
1672 1421 1798 1475 pos-

216 1505 291 1556 sit
320 1499 545 1556 reﬁcere
571 1500 662 1568 qui
692 1498 924 1553 fuerunt.
973 1499 1072 1564 Qui
1121 1500 1332 1565 caelum,
1381 1507 1436 1553 et
1478 1506 1695 1563 terram,
1741 1507 1798 1552 et

217 1592 429 1657 maria,
476 1599 532 1645 et
557 1604 674 1659 quin
703 1590 755 1643 in
785 1590 865 1643 eis
910 1597 1053 1654 sunt,
1098 1598 1257 1658 atque
1304 1590 1483 1644 omnia
1532 1590 1796 1644 elementa

217 1685 352 1740 fecit
377 1698 441 1737 ex
472 1683 661 1745 nihilo,
693 1680 1097 1749 quomodo‘non
1126 1690 1305 1750 potest
1331 1696 1580 1750 reparare
1616 1681 1793 1735 homi-

1896 514 2039 568 enim
2068 525 2123 568 et
2152 515 2361 568 Domini
2402 516 2567 569 nostri
2607 515 2733 569 Jesu
2757 515 2955 571 Christi
3000 530 3174 570 sermo
3216 524 3462 585 testatur,

1894 604 1986 671 qui
2016 604 2070 657 in
2096 602 2384 669 Evangelio
2406 604 2473 657 de
2501 606 2866 672 peccatoribus
2895 604 3256 673 pronuntiavit
3282 623 3293 655 ε
3322 604 3466 658 Tunc

1893 692 2039 745 ibunt
2058 694 2200 762 impii
2221 695 2271 746 in
2294 694 2595 763 supplicium
2618 704 2882 758 aeternum,
2894 695 3026 764 justi
3046 704 3215 749 autem
3236 697 3289 749 in
3310 698 3466 750 vitam

1896 790 2142 838 azternam
2162 782 2386 854 (Matth.
2414 784 2572 852 xxv).
2623 784 2639 821 ί
2691 785 2815 839 llaec
2841 792 3017 839 autem
3045 800 3163 853 qua:
3191 785 3467 854 hucusque

1895 873 2143 938 diximus,
2176 884 2458 944 postquam
2502 891 2595 930 vos
2623 876 2843 931 credere
2873 878 3221 946 promisistis,
3253 888 3279 925 Β
3306 880 3467 934 tertio

1896 979 2123 1034 corpora
2152 974 2330 1019 vestra
2360 966 2412 1019 in
2441 981 2594 1021 sacro
2624 967 2770 1022 fonte
2804 967 3172 1023 demersimus.
3204 969 3306 1035 Qui
3333 970 3467 1025 ordo

1895 1056 2229 1124 baptismatis
2248 1055 2446 1125 duplici
2467 1059 2705 1128 mysterii
2733 1056 3117 1126 signiﬁcatione
3144 1060 3464 1115 celebratur.

1897 1144 2064 1200 Recte
2091 1146 2231 1199 enim
2262 1146 2419 1200 tertio
2448 1147 2609 1201 mersi
2640 1147 2786 1211 estis,
2836 1148 2927 1217 qui
2955 1149 3236 1219 accepistis
3264 1149 3466 1219 baptis-

1897 1248 2042 1287 mum
2072 1231 2099 1270 ιι
2132 1233 2184 1287 in
2211 1235 2427 1289 nomine
2453 1234 2580 1289 Jesu
2608 1235 2823 1300 Christi,
2853 1237 2945 1304 qui
2970 1238 3128 1291 tertia
3156 1238 3243 1293 die
3282 1254 3467 1295 resur-

1896 1321 2038 1374 rexit
2078 1337 2110 1375 a
2154 1322 2397 1376 mortuis.
2436 1322 2531 1376 Illa
2561 1324 2703 1377 enim
2749 1326 2908 1379 tertio
2947 1326 3175 1395 repetita
3201 1327 3467 1387 demersio

1896 1418 2081 1481 typum
2104 1411 2387 1467 dominicae
2414 1413 2663 1481 exprimit
2686 1414 2988 1482 sepulturas,
3012 1430 3108 1484 per
3128 1431 3288 1484 quam
3316 1416 3470 1472 Chri~

1896 1509 1981 1555 sto
2002 1502 2301 1571 consepulti
2321 1502 2448 1557 estis
2468 1502 2522 1557 in
2544 1503 2830 1571 baptismo,
2848 1513 3044 1560 etcum
3065 1506 3278 1562 Christo
3298 1524 3471 1564 resurc

1896 1590 2109 1645 resistis
2139 1592 2193 1645 in
2220 1590 2342 1656 ﬁde,
2368 1600 2427 1645 ut
2448 1593 2682 1661 peccatis
2709 1594 2877 1648 abluti
2907 1595 2961 1648 in
2987 1597 3273 1653 sanctitate
3300 1600 3471 1654 virtu-

1897 1687 2011 1733 tum
2026 1679 2293 1734 Christum
2309 1681 2499 1735 vivatis
2514 1682 2789 1737 imitando.
2811 1682 2963 1738 Unde
2983 1685 3171 1740 beatus
3186 1686 3472 1755 Apostolus

217 1788 351 1835 nes,
382 1787 517 1841 quos
545 1771 665 1825 ideo
694 1769 820 1823 fecit
862 1778 921 1822 ut
946 1770 997 1823 in
1028 1770 1128 1824 hac
1165 1770 1272 1823 vita
1312 1780 1531 1837 agerent
1570 1769 1711 1824 unde
1739 1770 1791 1824 in
1823 1776 1871 1834 B
1896 1770 2009 1823 ait:
2042 1771 2122 1824 Αη
2156 1771 2405 1841 ignoratis
2442 1773 2682 1841 quoniam
2710 1774 2991 1845 quicunque
3027 1774 3270 1845 baptizati
3298 1795 3471 1834 sumus

215 1862 328 1915 alia
352 1861 736 1931 iudicarentur,
771 1867 826 1914 et
852 1860 937 1913 vcl
966 1876 1062 1929 pro
1092 1860 1232 1914 bona
1260 1861 1531 1915 voluntate
1554 1860 1791 1929 prmmia,

212 1954 307 2007 vel
348 1968 446 2022 pro
482 1952 620 2006 mala
664 1950 922 2020 supplicia
968 1952 1337 2004 mererentur?
1366 1949 1491 2005 Haec
1526 1957 1609 2004 est
1653 1950 1793 2003 enim

212 2044 642 2099 Christianorum
670 2042 1054 2097 catholicorum
1100 2041 1251 2107 ﬁdes,
1284 2049 1343 2096 ut
1386 2042 1665 2097 credamus
1695 2056 1793 2096 nos

211 2151 346 2191 cum
373 2134 475 2188 hac
501 2134 554 2186 in
576 2148 682 2201 qua
704 2148 845 2186 nunc
871 2147 1051 2186 sumus
1071 2131 1245 2186 anima
1270 2145 1566 2198 resurgere,
1591 2131 1792 2185 haben-

212 2235 303 2279 tes
326 2224 353 2263 δ
372 2225 621 2279 idoneum
643 2222 831 2276 futurm
851 2229 1046 2276 nostra:
1066 2222 1471 2276 resurrectionis
1489 2220 1793 2289 exemplum

211 2317 505 2371 Dominum
532 2324 795 2381 nostrum,
818 2313 1052 2368 Verbum
1083 2313 1275 2377 Patris,
1298 2313 1530 2381 quicum
1552 2313 1623 2365 sit
1650 2311 1793 2366 Deus

208 2416 268 2463 ct
301 2407 397 2461 Dei
418 2406 599 2470 Filius,
629 2417 651 2444 ο
675 2421 769 2459 seu
788 2404 1043 2470 Verbum,
1067 2412 1121 2459 et
1139 2404 1426 2459 secundum
1447 2403 1793 2460 substantiam

207 2497 517 2552 divinitatis
544 2495 689 2549 Patri
729 2503 1029 2550 coaeternus
1057 2502 1112 2549 et
1139 2494 1606 2550 consubstantialis
1625 2536 1640 2561 ,
1671 2492 1792 2547 ideo

207 2598 424 2643 natura:
469 2596 668 2642 nostra:
708 2587 941 2656 suscepit
988 2587 1283 2653 hominem,
1325 2585 1475 2654 juxta
1521 2600 1679 2654 quem
1726 2585 1795 2641 de

205 2679 426 2745 virgine
456 2676 619 2742 nasci,
653 2684 707 2731 et
734 2686 919 2746 postea
959 2676 1097 2745 pati,
1129 2686 1183 2730 ct
1223 2666 1367 2729 mori'
1402 2676 1592 2741 voluit,
1624 2684 1680 2729 et
1706 2675 1794 2730 die

207 2770 378 2825 tertia
401 2770 563 2839 716
587 2767 901 2835 resurrexit,
920 2766 948 2805 ἀ
970 2776 1025 2821 et
1044 2766 1282 2821 ascendit
1301 2767 1354 2821 in
1379 2768 1591 2833 cmlum,
1618 2776 1676 2823 ut
1694 2784 1794 2824 nos

206 2859 281 2913 ad
305 2874 457 2929 spem
488 2857 894 2913 resurrectionis
921 2857 1257 2924 accenderet,
1287 2865 1347 2910 ut
1372 2857 1450 2912 sic
1478 2873 1576 2913 nos
1601 2859 1793 2914 creda-

207 2963 339 3004 mus
357 2964 427 3004 ex
445 2949 672 3003 mortuis
690 2947 1043 3013 suscitandos,
1059 2946 1507 3017 quemadmodum
1524 2947 1791 3003 Christum

206 3048 235 3077 ⁸
265 3054 341 3093 ex
378 3039 602 3094 mortuis
629 3038 985 3093 resurrexisse
1030 3035 1366 3092 conﬁtemur.
1410 3037 1561 3092 Unde
1605 3038 1794 3094 beatus

1896 1862 1951 1915 in
1979 1860 2181 1915 Christo
2209 1863 2358 1926 Jesu,
2388 1864 2441 1916 in
2467 1873 2629 1917 morte
2650 1866 2809 1933 ipsius
2839 1867 3085 1936 baptizati
3116 1886 3309 1925 sumus.
3336 1872 3472 1927 Con-

1896 1950 2080 2019 sepulti
2107 1952 2242 2004 enim
2260 1968 2435 2005 sumus
2466 1969 2580 2006 cum
2606 1954 2696 2007 illo
2724 1972 2815 2023 per
2835 1955 3141 2025 baptismum
3162 1961 3215 2012 in
3236 1970 3470 2026 mortem,

1895 2051 1952 2094 ut
1976 2043 2228 2111 quomodo
2266 2046 2487 2098 surrexit
2516 2044 2748 2100 Christus
2782 2065 2848 2101 ex
2880 2052 3097 2104 mortuis
3136 2069 3227 2122 per
3254 2055 3474 2123 gloriam

1896 2131 2092 2198 Patris,
2117 2134 2192 2185 ita
2228 2143 2279 2186 et
2296 2151 2389 2188 nos
2410 2136 2463 2187 in
2491 2136 2716 2189 novitate
2742 2139 2859 2191 vita:
2882 2138 3217 2194 ambulemus.
3249 2142 3311 2195 Si
3335 2144 3473 2196 enim

1897 2223 2233 2293 complantati
2261 2226 2388 2295 [acti
2406 2242 2579 2279 sumus
2608 2228 2935 2281 similitudini
2967 2233 3119 2284 morti
3146 2232 3287 2300 ejus,
3316 2236 3469 2288 simul

1895 2320 1944 2365 et
1978 2315 2364 2368 resurrectionis
2391 2316 2600 2381 erimus,
2628 2317 2723 2369 hoc
2746 2318 2960 2372 scientes
2981 2320 3115 2389 quod
3142 2332 3279 2375 uetus
3318 2324 3470 2377 homo

1895 2410 2071 2456 noster
2089 2403 2243 2457 simul
2261 2405 2537 2475 crucifixus
2557 2416 2650 2473 est,
2668 2416 2724 2459 ut
2743 2406 3036 2462 destruatur
3048 2427 3233 2480 corpus
3251 2416 3467 2482 peccati,

1894 2504 1951 2547 ut
1969 2494 2106 2548 ultra
2126 2512 2227 2551 non
2250 2498 2526 2551 serviamus
2546 2507 2755 2567 peccato
2777 2499 2952 2570 (Rom.
2975 2500 3071 2571 vt).
3094 2500 3465 2569 Considerate,

1903 2584 1921 2622 ί
1955 2584 2149 2641 fratres
2168 2622 2184 2651 ,
2213 2602 2317 2655 qua
2345 2588 2652 2643 conditione
2691 2588 2980 2659 Apostolus
3008 2606 3107 2646 nos
3132 2607 3250 2647 esse
3276 2595 3471 2653 dixerit

1895 2677 2213 2746 baptizatos,
2242 2685 2298 2730 ut
2324 2678 2490 2743 ultra,
2538 2678 2738 2747 inquit,
2789 2696 2892 2733 non
2935 2682 3212 2735 serviamus
3239 2694 3467 2753 peccato.

1895 2767 2024 2834 Qua:
2051 2769 2193 2824 enim
2217 2777 2365 2824 tanta
2385 2778 2485 2837 est,
2509 2786 2617 2825 non
2645 2771 2785 2837 dico,
2809 2773 3148 2841 negligentia,
3170 2774 3266 2828 sed
3284 2790 3469 2830 amen~

1896 2862 1990 2926 tia,
2020 2877 2141 2916 cum
2163 2875 2259 2932 per
2284 2862 2607 2931 baptismum
2648 2864 2917 2932 acceperis
2943 2865 3313 2920 remissionem
3336 2882 3466 2935 pec-

1895 2960 2160 3017 catorum,
2188 2952 2411 3020 obligari
2437 2953 2572 3007 velle
2597 2954 2831 3022 peccatis
2858 2971 2871 3006 :
2904 2955 3061 3025 717
3092 2963 3152 3008 ut
3173 2956 3266 3024 qui
3293 2955 3467 3011 factus

1897 3040 2076 3096 fueras
2106 3058 2172 3096 ex
2201 3049 2486 3111 peccatore
2529 3050 2765 3108 sanctus,
2791 3058 2977 3098 rursus
3016 3059 3085 3098 ex
3129 3055 3315 3100 sancto
3339 3046 3472 3103 velis

206 3130 508 3201 Apostolus
530 3129 819 3184 inﬁdelium
833 3129 1037 3184 animos
1053 3129 1295 3197 increpat
1307 3127 1492 3182 dicens
1512 3145 1525 3179 :
1544 3127 1604 3181 Si
1618 3137 1786 3182 autem
1817 3134 1864 3196 C
1895 3146 2014 3186 esse
2035 3140 2305 3199 peccator,
2330 3140 2385 3185 et
2404 3139 2527 3201 post
2546 3146 2759 3186 sacrum
2787 3123 2936 3187 illum
2958 3132 3182 3199 fontem,
3205 3149 3312 3205 quo
3333 3152 3470 3191 non-

206 3220 452 3273 Christus
490 3220 799 3288 prwdicutur
837 3220 971 3290 quod
1008 3219 1284 3272 resurrexit
1318 3234 1349 3271 a
1384 3219 1627 3281 mortuis,
1663 3234 1791 3289 quo-

206 3312 369 3365 modo
392 3311 596 3381 quidam
626 3310 800 3362 dicunt
826 3310 879 3362 in
900 3308 1036 3363 vobis
1056 3310 1296 3378 quoniam
1323 3310 1624 3361 resurrectio
1655 3325 1794 3362 mor-

206 3410 423 3454 tuorum
443 3416 543 3453 non
567 3407 640 3451 est
669 3396 725 3467 (1
745 3396 863 3451 Cor.
890 3396 1015 3467 xv)?
1037 3397 1152 3453 Hoc
1178 3410 1307 3464 ergo
1332 3405 1512 3451 tenete
1538 3405 1792 3452 constan-

205 3498 299 3544 ter
326 3497 384 3543 et
408 3488 605 3543 credite
623 3529 638 3555 ,
667 3486 812 3557 quod
851 3486 1041 3541 divinis
1066 3487 1286 3541 vocibus
1314 3485 1630 3554 aﬁirmatur,
1668 3488 1793 3555 quia

203 3577 539 3634 resurrectio
567 3579 637 3631 sit
673 3578 885 3645 futura,
934 3579 987 3631 in
1016 3593 1121 3647 qua
1170 3577 1366 3631 sanctis
1412 3577 1656 3632 omnibus
1701 3578 1793 3646 qui

204 3668 488 3723 Christum
534 3668 759 3737 diligunt
809 3676 866 3722 et
909 3667 1025 3736 ejus
1070 3666 1270 3721 faciunt
1318 3667 1643 3721 voluntatem
1688 3666 1789 3720 im-

205 3760 522 3816 mortalitas
547 3760 780 3829 gloriosa
809 3760 1058 3814 donanda
1081 3768 1184 3823 cst,
1216 3769 1274 3813 ut
1300 3760 1353 3813 in
1375 3768 1663 3829 conspectu
1696 3761 1793 3816 Dei

204 3867 335 3907 cum
387 3851 589 3917 angelis
616 3859 670 3904 et
698 3851 1003 3906 cmlestibus
1050 3850 1333 3905 virtutibus
1379 3850 1434 3904 in
1481 3859 1794 3920 perpetuum

203 3942 536 4012 glorientur.
568 3940 813 3995 [nﬁdeles
853 3956 983 3995 vero
1026 3950 1080 3995 et
1129 3948 1458 4010 peccatores,
1504 3949 1560 3998 et
1585 3942 1676 4010 qui
1700 3941 1796 3997 Dei

205 4039 487 4100 przeeepta
511 4047 616 4086 non
639 4030 858 4095 faciunt,
881 4030 947 4085 ad
971 4031 1073 4085 hoc
1093 4045 1371 4099 resurgere
1397 4039 1456 4086 ut
1484 4032 1797 4089 immortalis

204 4139 408 4180 eorum
453 4122 594 4180 facta
639 4140 767 4181 caro
805 4124 1021 4179 aeternis
1067 4124 1328 4180 incendiis
1366 4124 1684 4193 deputetur;
1737 4136 1798 4180 ut

1892 3222 1993 3276 nisi
2039 3222 2204 3275 semel
2248 3222 2393 3275 ablui
2440 3222 2582 3286 licet,
2634 3222 2829 3276 iterum
2874 3222 2943 3276 ad
2986 3224 3239 3278 vitiorum
3283 3228 3471 3284 sordes

1890 3311 2110 3367 reverti.
2141 3309 2417 3365 Attendite
2460 3324 2622 3381 ergo,
2665 3311 3028 3376 dilectissimi,
3057 3322 3116 3367 ut
3141 3315 3287 3383 quod
3314 3333 3471 3374 acce-

1894 3402 2064 3473 pistis,
2088 3400 2339 3471 quodque
2355 3399 2467 3469 jam
2488 3401 2712 3456 ulterius
2732 3415 2764 3454 a
2780 3401 2934 3457 vobis
2952 3404 3120 3473 accipi
3140 3420 3248 3458 non
3269 3414 3466 3475 potest,

1896 3508 2063 3562 usque
2085 3492 2151 3547 ad
2174 3491 2331 3546 fmem
2354 3492 2616 3560 integrum
2642 3492 3153 3563 immaculatumque
3174 3497 3333 3566 718
3352 3511 3471 3550 ser-

1896 3584 2059 3649 vetis;
2090 3591 2144 3638 et
2171 3582 2336 3637 semel
2364 3581 2541 3640 eﬁecti
2565 3583 2767 3651 absque
2795 3590 3038 3651 peccato,
3070 3583 3123 3637 in
3149 3598 3409 3655 perpetuo
3433 3603 3466 3640 a

1897 3674 2132 3745 peccatis
2170 3673 2416 3728 omnibus
2456 3672 2741 3727 recedatis.
2781 3671 3023 3728 Christus
3047 3674 3210 3743 enim,
3253 3677 3343 3746 qui
3372 3693 3468 3731 vos

1899 3769 2131 3839 pollutos
2158 3782 2222 3821 ac
2245 3765 2508 3821 diabolica
2529 3766 2780 3821 suasione
2799 3765 3101 3822 sordidatos
3122 3783 3218 3823 sua
3244 3769 3465 3824 misera-

1900 3862 2046 3916 tione
2071 3858 2363 3923 mundavit,
2390 3872 2501 3911 non
2522 3858 2635 3910 vult
2652 3857 2939 3913 mandatos
2964 3858 3156 3913 iterum
3185 3859 3465 3915 sordidari.

1899 3949 2036 4005 Huic
2058 3949 2226 4019 gloria
2254 3956 2309 4002 et
2335 3948 2511 4001 honor
2537 3954 2661 4001 eum
2689 3946 2870 4013 Patre,
2892 3955 2947 4003 et
2974 3942 3178 4019 Spiritu
3202 3958 3387 4005 sancto
3415 3950 3466 4006 in

1899 4039 2091 4095 saecula
2110 4038 2446 4095 saeculorum.
2481 4039 2671 4091 Amen.

1356 4263 2048 4351 TRACTATUS
2122 4267 2280 4349 III.

1593 4418 1677 4470 DE
1709 4421 2023 4473 BAPTISMO
2053 4424 2093 4470 ί.

277 4520 574 4589 llucusque
598 4520 665 4575 de
692 4519 957 4590 mysteriis
994 4519 1161 4575 locuti
1188 4534 1369 4575 sumus
1399 4535 1520 4590 quae
1544 4523 1631 4579 vcl
1663 4532 1788 4579 ante
1818 4530 1868 4591 ι)
1890 4525 2033 4581 ditur
2070 4522 2351 4593 baptizatis
2378 4521 2609 4591 regalem
2652 4528 2709 4574 et
2745 4518 3130 4575 sacerdotalem
3158 4520 3388 4576 conferri
3428 4538 3460 4577 a

203 4612 556 4681 baptismatis
580 4619 994 4675 sacramentum,
1022 4610 1108 4665 vel
1136 4610 1190 4664 in
1220 4611 1337 4679 ipso
1362 4610 1685 4681 baptismate
1704 4629 1794 4670 ce-

203 4704 514 4759 lebrantur.
562 4704 712 4757 Nunc
748 4717 877 4757 vero
902 4701 971 4755 de
995 4701 1078 4758 his
1105 4702 1277 4757 acturi
1315 4718 1499 4758 sumus
1536 4718 1655 4772 qum
1686 4704 1701 4754 i
1740 4705 1794 4759 in

198 4794 318 4864 iam
348 4793 636 4862 baptizatis
681 4802 865 4846 sancta
902 4791 1237 4846 institutione
1281 4793 1636 4862 complentur.
1685 4794 1791 4848 lm—

202 4884 365 4954 pleto
396 4883 539 4937 enim
567 4883 908 4952 baptismate,
956 4890 1117 4951 caput
1144 4891 1380 4937 vestrum
1405 4885 1710 4953 chrismate,
1740 4886 1792 4940 id

202 4981 293 5029 est
314 4972 446 5028 oleo
474 4970 910 5027 sanctiﬁcationis
934 4969 1281 5039 infundimus,
1314 4986 1411 5041 per
1436 4971 1578 5042 quod
1607 4981 1790 5029 osten-

282 5137 314 5167 ι
348 5128 590 5182 Staturos
619 5144 728 5180 esse
749 5128 1036 5181 credamus.
1102 5138 1121 5155 '

278 5196 313 5236 δ
350 5196 605 5250 Idoneum
630 5198 1014 5250 resurrectionis
1036 5195 1321 5264 exemplum
1345 5194 1601 5250 Christum
1628 5198 1792 5265 ipsum

202 5265 503 5323 Dominum
530 5274 760 5320 nostrum
795 5265 1015 5319 Verbum
1037 5265 1231 5320 Patris.

287 5348 315 5375 ο
350 5334 492 5388 Deus
524 5335 762 5389 Verbum.

282 5405 314 5443 ἀ
349 5404 421 5457 Et
448 5406 675 5458 ascendit
705 5406 756 5458 in
778 5404 947 5458 caelos.

286 5488 313 5515 ο
358 5474 713 5528 Resurrexisse
731 5493 762 5526 a
783 5477 1016 5528 mortuis.

285 5545 308 5584 ῐ
344 5542 479 5598 ch
506 5554 622 5598 sunt
649 5553 816 5597 autem
842 5561 970 5613 qua‘.

1898 4614 2126 4671 Domino
2168 4614 2501 4682 dignitatem.
2552 4612 2684 4665 Nam
2727 4611 2783 4665 in
2810 4610 2991 4666 Veteri
3029 4609 3371 4667 Testamento
3412 4614 3467 4671 hi

1896 4708 1987 4778 qui
2015 4707 2329 4773 legebantur
2353 4705 2405 4759 in
2433 4702 2735 4758 sacerdotio
2758 4703 2842 4756 vel
2875 4703 2926 4756 in
2955 4716 3140 4770 regno,
3163 4712 3352 4759 sancto
3379 4722 3465 4759 un-

1895 4795 2157 4863 gebantur
2178 4793 2300 4847 oleo
2321 4800 2377 4846 et
2397 4793 2651 4846 unctione
2671 4791 2892 4859 capitis;
2921 4790 3010 4844 alii
3033 4789 3058 4827 ιι
3079 4791 3352 4857 regnandi,
3377 4794 3465 4848 alii

1894 4882 2153 4941 sacriﬁcia
2177 4881 2435 4938 afferendi
2457 4882 2793 4950 accipiebant
2820 4897 2851 4935 a
2872 4881 3097 4935 Domino
3123 4890 3460 4951 potestatem.

1898 4976 2047 5032 Sicut
2076 4982 2321 5031 sanctum
2364 4956 2625 5028 David'et
2651 4980 2876 5028 eteteros
2919 4986 3072 5041 reges
3118 4981 3309 5030 unctos
3337 4976 3466 5047 legis

1972 5140 1998 5177 8
2030 5129 2207 5198 Tertio
2220 5128 2395 5198 capita
2410 5137 2594 5198 vestra.

1970 5198 2000 5237 ιι
2030 5197 2096 5252 In
2123 5191 2327 5269 nomine
2351 5196 2636 5269 Trinitatis.
2670 5191 2825 5269 Recte
2841 5192 3009 5269 .tertio
3021 5196 3182 5269 mersi
3208 5200 3329 5253 estis
3348 5240 3363 5267 ,
3384 5203 3473 5269 qni

1898 5268 2163 5339 accepistis
2192 5268 2495 5335 baptismum
2514 5265 2569 5316 in
2597 5262 2801 5315 nomine
2826 5259 2948 5315 Jesu
2969 5261 3178 5322 Christi.

1976 5338 1990 5376 ί
2026 5337 2242 5389 Fratres
2270 5335 2552 5389 carissimi:
2582 5330 2772 5386 deinde
2799 5331 2995 5386 omittit
3022 5350 3131 5389 nos.

1976 5351 1990 5376 ι
2026 5351 2061 5389 ι’
2078 5351 2242 5390 ratres
2270 5351 2518 5389 carissimi
2534 5351 2552 5398 ,'
2582 5351 2772 5386 ueniae
2799 5351 2995 5386 omuut
3022 5351 3131 5389 nos.

1974 5414 1987 5457 l
2028 5407 2237 5460 Omittit
2257 5408 2332 5458 in.

1972 5477 1996 5513 ιι
2025 5476 2293 5546 Regnandi
2324 5475 2375 5527 in
2405 5472 2590 5543 populo
2617 5469 2733 5523 Dei.

279 5654 304 5687 ⁸
331 5650 394 5707 ln
415 5651 649 5708 editione
677 5652 860 5706 titulus
888 5659 967 5705 est
995 5671 1005 5704 :
1034 5652 1215 5706 Sermo
1238 5653 1301 5706 de
1330 5655 1566 5707 unctione
1595 5654 1777 5719 capitis
1815 5662 1862 5705 ct
1881 5651 2092 5720 pedibus
2116 5649 2365 5705 (secantis.

460 5748 730 5807 Ριτκοι..
777 5746 967 5806 L't'll.

3511 1049 3529 1078 ί

3512 1108 3523 1159 )
