4138 6196
620 200 734 261 779
769 253 772 257 .

1826 199 1884 256 S.
1922 197 2167 255 MAXIM]
2205 197 2656 260 TAURINENSIS

3789 207 3902 269 780

628 333 750 373 mus
777 332 807 372 a
836 317 1134 388 prophetis,
1165 325 1223 372 et
1240 317 1312 373 de
1337 315 1559 389 privatis
1600 317 1653 372 in
1681 329 1836 386 reges
1859 323 1886 354 α
1915 317 2041 372 oleo
2085 331 2213 372 san-
2242 316 2294 377 Α
2321 323 2518 387 tergere
2547 319 2705 374 linteo
2732 335 2832 392 quo
2859 328 2971 376 erat
2997 321 3308 392 praefactus
3337 320 3521 392 (Joan.
3551 321 3676 394 xu).
3701 321 3770 379 Et
3791 339 3894 382 rur-

630 409 972 466 ctiticationis
992 415 1250 464 mutatos.
1268 407 1420 465 Sicut
1441 416 1497 464 et
1511 415 1760 465 sanctum
1773 407 1953 464 Aaron
1976 423 2008 462 a
2029 407 2214 478 Moyse

629 507 852 554 unctum
901 497 1126 568 legimus
1148 537 1165 565 ,
1213 513 1282 554 ex
1328 498 1470 554 laico
1515 499 1569 554 in
1620 497 1956 554 sacerdotem
1997 495 2215 552 Domini

630 600 820 648 sancto
862 592 986 648 oleo
1015 599 1412 648 consecratum.
1444 590 1596 647 Unde
1631 598 1687 646 et
1728 591 1783 646 in
1821 590 2030 661 psalmo
2058 589 2213 645 cani-

631 690 718 737 tur
747 699 759 735 :
793 682 941 737 Sicut
959 690 1273 752 unguentum
1301 683 1357 736 in
1384 682 1552 753 capite
1582 682 1717 753 quod
1743 681 2006 736 descendit
2024 681 2081 735 in
2099 680 2217 734 bar-

633 771 772 838 bam,
803 771 1017 826 barbam
1044 772 1222 826 Aaron
1252 771 1424 844 (Psal.
1469 775 1686 840 cum).
1717 770 1824 826 Sed
1866 771 1997 848 illud
2024 771 2081 826 in
2106 769 2215 826 Ve-

635 865 735 919 teri
782 863 1131 920 Testamento
1174 864 1355 920 oleum
1399 864 1702 934 temporale
1729 878 1972 933 regnum,
2014 871 2218 934 tempo-

634 957 748 1012 rale
775 956 1135 1013 sacerdotium
1155 956 1466 1014 conferebat
1489 957 1515 997 ι’
1549 976 1563 1012 :
1591 959 1647 1013 in
1671 957 1778 1012 hoc
1799 957 1942 1012 enim
1966 956 2076 1010 vita
2099 964 2216 1011 erat

635 1045 706 1101 ad
733 1046 1143 1103 ministrandum
1171 1062 1468 1119 paucorum
1505 1062 1772 1103 annorum
1799 1047 2070 1102 curriculo
2099 1053 2213 1101 ter-

635 1138 869 1205 minata;
898 1139 1005 1195 hoc
1032 1147 1214 1194 autem
1242 1139 1493 1206 chrisma,
1533 1137 1589 1192 id
1626 1144 1710 1194 est
1735 1136 1854 1192 haec
1874 1137 2056 1192 unctio
2095 1151 2216 1205 quae

627 1227 790 1283 vobis
816 1228 1067 1298 imposita
1094 1235 1196 1294 est,
1242 1239 1264 1267 ε
1292 1228 1434 1284 illius
1472 1227 1757 1283 sacerdotii
1782 1227 2014 1283 contulit
2041 1225 2218 1295 digni-

638 1325 805 1375 tatem
827 1358 842 1385 ,
893 1320 1038 1388 quod
1066 1335 1188 1375 cum
1217 1318 1388 1374 semel
1428 1318 1684 1374 collatum
1709 1316 1903 1385 fuerit,
1942 1331 2216 1386 nunquam

639 1418 723 1466 est
748 1409 1041 1465 ﬁniendum
1071 1407 1121 1464 ἀ.
1153 1409 1345 1464 Mirum
1373 1415 1522 1466 certe
1549 1410 1693 1480 quod
1715 1409 1966 1477 diximus,
1995 1423 2096 1464 vos
2123 1408 2218 1464 illo

629 1501 932 1558 «chrismate
974 1513 1200 1569 regnum
1242 1498 1434 1555 tutum
1477 1500 1664 1568 gloria:
1689 1538 1704 1565 ,
1751 1507 1807 1555 et
1855 1498 2216 1556 sacerdotium

627 1607 758 1649 esse
784 1601 1106 1650 consecutos
1137 1601 1183 1645 ο.
1216 1590 1415 1646 Verum
1454 1605 1562 1646 non
1591 1604 1693 1660 ego
1718 1589 1906 1657 vobis,
1946 1589 2044 1646 sed
2086 1603 2221 1660 apo-

2315 427 2434 465 sum
2468 430 2480 464 :
2512 410 2796 484 Postquam
2823 422 2995 467 autem
3023 413 3150 467 lavit
3173 412 3328 484 pedes
3355 427 3558 482 eorum,
3586 415 3788 486 accepit
3814 433 3897 471 re-

2315 502 2554 556 stimenta
2584 519 2711 569 sua;
2743 513 2792 557 et
2833 519 2948 557 cum
2991 503 3349 572 recubuisset,
3393 505 3585 558 iterum
3617 505 3750 558 dixit
3780 507 3853 560 eis
3878 521 3898 560 :

2316 591 2476 648 Scitis
2497 593 2628 664 ‘quid
2657 595 2820 665 719
2853 595 3081 666 fecerim.
3118 593 3223 649 Vos
3252 597 3446 650 uocatis
3471 612 3555 649 me
3583 598 3830 668 magister
3853 607 3901 653 et

2313 680 2589 748 Dominus,
2611 692 2662 736 et
2681 683 2808 738 bene
2829 684 3020 737 dicitis.
3047 682 3176 738 Sum
3203 686 3415 739 etenim.
3437 684 3501 740 Si
3527 701 3656 757 ergo
3687 704 3781 757 ego
3803 687 3901 743 lari

2316 775 2470 846 pedes
2505 784 2700 830 vestros
2743 774 2995 830 Dominus
3035 784 3086 829 et
3113 777 3380 847 magister,
3419 787 3619 846 quanto
3659 779 3826 849 magis
3854 786 3900 832 et

2315 883 2404 921 vos
2432 865 2630 920 debetis
2666 867 2971 922 alterutrum
2995 867 3169 922 lauare
3195 867 3394 937 pedes?
3422 867 3732 938 Exeunplum
3767 871 3900 922 enim

2319 959 2442 1012 dedi
2467 958 2630 1026 vobis,
2653 969 2709 1012 ut
2729 959 3158 1031 quemadmodum
3181 976 3277 1031 ego
3305 961 3442 1032 facio
3462 958 3624 1026 vobis,
3656 960 3728 1013 ita
3748 970 3800 1014 et
3819 975 3900 1014 ros

2319 1048 2545 1118 faciatis.
2577 1047 2740 1102 Anien
2779 1063 2928 1102 amen
2954 1047 3069 1102 dico
3114 1046 3254 1102 vobis
3276 1089 3292 1114 ,
3335 1049 3459 1120 quia
3488 1065 3595 1102 non
3629 1058 3707 1102 est
3731 1063 3901 1103 servus

2317 1137 2489 1208 major
2526 1137 2735 1192 domino
2773 1154 2886 1202 suo,
2929 1153 3022 1191 nec
3049 1137 3312 1208 apostolus
3345 1137 3518 1208 major
3545 1154 3608 1192 eo
3646 1139 3732 1209 qui
3766 1139 3900 1192 misit

2309 1244 2454 1282 eum.
2484 1227 2548 1282 Si
2575 1229 2684 1283 htec
2707 1229 2876 1294 scitis,
2915 1227 3049 1282 beati
3077 1229 3224 1297 estis,
3267 1230 3313 1283 si
3353 1228 3579 1299 feceritis
3601 1245 3664 1283 ea
3694 1227 3898 1299 (Ibid).

2317 1316 2670 1374 Considerate
2694 1332 2845 1386 ergo,
2877 1317 3072 1373 fratres
3099 1318 3453 1384 dilectissimi,
3484 1317 3638 1388 cujus
3667 1316 3892 1385 infelici-

2313 1411 2478 1474 tatis,
2518 1409 2670 1480 cujus
2718 1409 2940 1464 insaniae
2967 1409 3074 1476 sit,
3124 1418 3185 1464 ut
3210 1409 3532 1478 dedignetur
3568 1425 3756 1465 servus
3782 1427 3899 1467 con-

2320 1517 2500 1569 servo,
2544 1501 2836 1572 discipulus
2862 1501 3232 1572 condiscipulo
3260 1502 3442 1556 lavare
3470 1501 3658 1572 pedes,
3688 1502 3896 1571 quando

2321 1594 2562 1650 omnium
2589 1593 2840 1649 dominus
2864 1600 2921 1649 et
2957 1593 3217 1662 magister
3253 1607 3540 1648 servorum
3583 1601 3639 1648 et
3667 1593 3899 1664 discipu-

637 1684 810 1741 stolus
854 1679 1046 1739 Petrus
1068 1721 1084 1747 ,
1130 1682 1242 1736 imo
1271 1695 1368 1751 per
1407 1679 1630 1736 Petrum
1671 1679 1917 1736 Christus
1959 1680 2212 1759 collatam
2241 1683 2294 1746 B
2316 1684 2494 1741 lorum
2529 1699 2750 1740 suorum
2794 1683 2960 1754 pedes
3007 1683 3188 1738 lavare
3221 1683 3472 1752 dignatus
3515 1691 3602 1738 est
3655 1683 3702 1737 ἱ.
3753 1683 3900 1751 Qod

637 1775 778 1829 hanc
822 1771 1135 1843 pronuntiat
1180 1770 1514 1841 dignitatem.
1557 1769 1650 1826 Sic
1691 1771 1835 1826 enim
1878 1771 2116 1841 loquitur
2147 1770 2216 1825 ad

631 1862 842 1928 ﬁdeles,
875 1861 927 1916 id
955 1867 1041 1917 est
1063 1859 1132 1914 ad
1159 1874 1256 1916 eos
1292 1861 1385 1930 qui
1412 1860 1733 1931 baptismate
1758 1861 1926 1916 abluti
1965 1869 2021 1917 et
2047 1860 2218 1917 chris-

628 1963 784 2010 mate
811 1956 1112 2012 consecrati
1134 1963 1260 2012 sunt
1291 1974 1304 2010 :
1350 1955 1451 2011 Vos
1477 1965 1648 2010 autem
1674 1973 1832 2028 genus
1859 1955 2033 2028 regale
2051 1963 2100 2010 et
2126 1971 2220 2011 sa-

637 2047 914 2114 cerdotale,
946 2063 1070 2120 gens
1097 2057 1312 2118 sancta,
1352 2048 1571 2120 populus
1609 2049 1994 2121 acquisitionis,
2035 2056 2092 2102 ut
2117 2047 2222 2102 vir-

633 2146 770 2194 tutes
800 2141 1118 2194 annuntietis
1156 2141 1269 2212 ejus
1316 2141 1401 2213 qui
1438 2140 1502 2196 de
1543 2140 1763 2196 tenebris
1800 2157 1886 2196 uos
1927 2141 2123 2196 vocavit
2163 2141 2220 2194 in

631 2229 948 2286 admirabile
975 2231 1144 2286 lumen
1184 2248 1332 2286 suum
1365 2229 1420 2304 (Ι
1445 2230 1585 2287 Petr.
1609 2231 1691 2303 tt).
1717 2230 2065 2287 Considerate
2093 2245 2221 2302 ergo

643 2319 904 2376 honorem
934 2335 1094 2391 quem
1138 2322 1194 2376 in
1231 2321 1325 2377 illo
1352 2321 1484 2378 estis
1523 2322 1780 2394 mysterio
1809 2322 2122 2389 consecuti,
2165 2327 2222 2377 et

631 2419 830 2466 cavete
855 2427 926 2467 ne
954 2412 1093 2468 forte
1121 2413 1213 2483 qui
1244 2421 1367 2484 post
1391 2420 1613 2483 peccata
1651 2428 1750 2483 per
1775 2414 2101 2483 baptismum
2126 2412 2221 2468 lilii

640 2504 793 2574 regni
826 2504 952 2560 t'acti
983 2505 1133 2573 estis,
1159 2521 1372 2561 rursum
1398 2504 1694 2576 peccando,
1725 2504 1871 2575 quod
1898 2505 2056 2571 absit,
2088 2505 2222 2560 veli-

635 2597 711 2653 ~tis
738 2597 877 2654 eﬂici
907 2596 999 2652 filii
1024 2597 1284 2667 gehennae
1316 2595 1356 2652 ί.
1389 2596 1626 2667 lmpletis
1653 2604 1832 2652 autem
1858 2597 2108 2654 omnibus
2135 2612 2224 2652 sa-

633 2688 952 2757 cramentis,
974 2689 1137 2744 etiam
1166 2697 1191 2735 δ
1217 2686 1532 2742 mandatum
1559 2686 1761 2742 Christi
1786 2687 1942 2743 vobis
1965 2694 2020 2741 et
2039 2702 2223 2742 exem-

640 2779 733 2849 plo
753 2787 810 2834 et
827 2794 1080 2835 sermone
1101 2778 1433 2833 tradidimus.
1451 2777 1704 2833 Lavimus
1726 2777 1869 2832 enim
1891 2777 2221 2846 singulorum

640 2865 806 2936 pedes
830 2909 845 2934 ,
894 2868 962 2922 ad
1028 2867 1384 2921 imitationem
1426 2880 1524 2921 vos
1567 2873 1838 2931 nostram,
1892 2865 2001 2920 imo
2056 2865 2222 2934 ipsius

634 2957 852 3013 Domini
872 2966 926 3013 et
939 2956 1234 3013 Salvatoris
1256 2957 1423 3012 nostri
1436 2971 1534 3013 vos
1554 2965 1940 3028 provocantes;
1964 2963 2024 3010 ut
2042 2971 2224 3026 quem-

631 3047 929 3103 admodum
977 3063 1076 3103 nos
1119 3055 1332 3104 vestros
1389 3048 1556 3119 pedes
1599 3049 1860 3114 lavimus,
1926 3048 2002 3103 ita
2055 3048 2219 3104 etiam

633 3152 739 3194 vos
767 3139 931 3209 pedes
958 3138 1184 3194 fratrum
1215 3147 1271 3194 et
1290 3137 1562 3209 hospitum
1599 3139 1785 3194 lavare
1812 3138 2070 3194 debeatis.
2102 3138 2219 3196 Non

630 3232 815 3290 solum
835 3248 932 3288 vos
956 3231 1251 3303 hospitales
1279 3245 1400 3288 esse
1427 3231 1700 3297 docemus,
1729 3231 1823 3287 sed
1851 3232 2013 3287 etiam
2037 3232 2218 3287 humi-

641 3323 741 3392 les,
768 3323 840 3377 ita
866 3323 1195 3378 honorantes
1215 3337 1352 3393 quos
1374 3321 1428 3376 in
1448 3330 1627 3376 vestra
1642 3321 1951 3392 suscepistis
1961 3321 2214 3393 hospitia,

639 3423 699 3470 ut
724 3428 849 3484 erga
878 3429 972 3469 eos
999 3429 1278 3469 servorum
1307 3410 1336 3451 ιι
1366 3428 1624 3469 exercere
1647 3429 1753 3469 non
1785 3415 2118 3470 erubescatis
2146 3415 2221 3470 of-

640 3505 839 3561 ﬁcium.
872 3503 1027 3571 Quod
1058 3520 1124 3559 ne
1151 3503 1252 3559 sibi
1297 3503 1614 3574 iniuriosum
1644 3505 1764 3576 quis
1789 3514 1944 3575 putet
1965 3547 1979 3573 ,
2025 3515 2082 3562 et
2105 3507 2220 3562 dia-

630 3596 819 3653 :bolico
848 3596 1062 3652 inﬂatus
1090 3605 1326 3664 tumore,
1371 3596 1683 3652 mandatum
1713 3597 1923 3653 Domini
1951 3599 2127 3655 facere
2152 3613 2220 3656 ne

639 3686 992 3756 dedignatur;
1034 3686 1047 3724 ί
1081 3694 1138 3741 et
1175 3686 1420 3756 quamvis
1464 3687 1554 3742 ille
1581 3688 1637 3741 in
1666 3688 1862 3743 saaculo
1894 3689 2088 3745 nobilis
2126 3691 2218 3760 sit,

639 3777 891 3847 pauperis
926 3785 982 3830 et
1020 3776 1073 3829 in
1097 3777 1203 3830 hoc
1243 3775 1440 3831 saeculo
1485 3778 1904 3846 contemptibilis
1930 3777 2221 3835 Christiani

640 3866 821 3921 lavare
850 3865 1016 3935 pedes
1039 3879 1147 3918 non
1193 3865 1500 3920 erubescat.
1531 3868 1631 3932 Qui
1659 3877 1715 3922 et
1755 3869 1858 3924 hoc
1885 3872 2139 3941 praecepit
2163 3879 2220 3926 et

643 3955 789 4022 fecit,
822 3955 930 4010 imo
952 3961 1240 4025 antequam
1267 3956 1604 4026 praeciperet,
1633 3956 1810 4013 facere
1837 3958 2084 4028 dignatus
2115 3969 2215 4017 est.

643 4045 919 4116 Siquidem
946 4045 1205 4116 praemisit
1231 4047 1537 4117 exemplum
1560 4089 1575 4115 ,
1625 4056 1684 4104 ut
1710 4049 1916 4106 facilius
1945 4067 2220 4109 commcn-

643 4139 797 4193 daret
824 4137 1128 4208 imperium.
1175 4137 1267 4194 Sic
1296 4139 1438 4194 enim
1484 4140 1538 4194 in
1566 4139 1859 4211 Evangelio
1900 4144 2126 4214 legimus
2154 4147 2221 4203 dc

643 4229 872 4285 Domino
900 4227 1024 4284 Jesu
1071 4247 1084 4283 :
1123 4228 1342 4297 Sciens,
1390 4229 1581 4299 inquit,
1621 4233 1756 4303 quod
1796 4236 1971 4289 omnia
2008 4236 2146 4291 dedit
2170 4239 2221 4293 ei

643 4318 805 4373 Pater
832 4320 887 4372 in
915 4335 1119 4385 manus,
1145 4328 1196 4373 et
1222 4320 1341 4390 quia
1365 4336 1398 4372 a
1425 4318 1535 4375 Deo
1568 4323 1746 4386 exivit,
1775 4333 1824 4377 et
1852 4325 1920 4377 ad
1942 4325 2109 4380 Deum
2131 4345 2222 4384 va-

2323 1791 2434 1832 non
2455 1775 2670 1830 aliunde
2687 1788 2849 1844 quam
2869 1774 2938 1830 de
2964 1771 3343 1830 incredulitate
3371 1773 3552 1828 evenit
3579 1772 3899 1828 futurorum.

2319 1867 2382 1922 Si
2407 1867 2552 1922 enim
2577 1880 2709 1921 vere
2751 1873 2808 1920 et
2855 1871 2973 1921 toto
2999 1865 3180 1920 animo
3223 1864 3566 1919 crederemus
3591 1904 3610 1933 ,
3656 1878 3759 1934 per
3796 1865 3901 1919 time

2321 1957 2533 2014 Domini
2558 1964 2860 2028 praecepta,
2891 1969 3013 2026 qua:
3056 1953 3209 2010 brevi
3248 1961 3367 2009 toto
3393 1954 3517 2008 vita:
3544 1962 3746 2008 nostrae
3775 1962 3901 2008 tem~

2320 2062 2453 2120 pore
2479 2047 2834 2115 custodimus,
2872 2046 2941 2101 ad
2979 2052 3181 2101 aeterna
3209 2053 3265 2100 et
3291 2044 3531 2102 caelestia
3557 2059 3658 2100 nos
3688 2045 3901 2115 parmis

2321 2139 2638 2212 pervenire;
2687 2155 2796 2195 non
2837 2138 3010 2193 solum
3077 2152 3186 2192 non
3232 2136 3674 2191 erubesceremus
3728 2133 3901 2190 omnia

2324 2248 2488 2304 opera
2514 2232 2833 2288 humilitatis
2877 2229 3180 2301 implendo,
3223 2242 3410 2283 verum
3438 2226 3603 2282 etiam
3647 2225 3902 2295 gloriare-

2324 2339 2465 2378 mur.
2520 2320 2911 2378 Commendate
2952 2332 3082 2389 ergo
3129 2315 3357 2372 ﬁrmiter
3389 2315 3670 2371 memoria:
3717 2321 3902 2370 vestra

2324 2411 2471 2482 quod
2514 2411 2738 2467 audistis
2779 2425 2811 2465 a
2842 2409 3017 2474 nobis,
3049 2416 3105 2464 et
3132 2406 3277 2477 quod
3317 2406 3502 2473 nobis,
3535 2405 3646 2460 imo
3677 2404 3902 2462 Domino

2325 2502 2668 2574 promisistis.
2718 2500 2830 2574 N_ec
2878 2499 2986 2554 ulla
3013 2513 3253 2568 unquam
3303 2495 3579 2552 tribulatio
3625 2496 3902 2566 praesentis

2324 2569 2449 2651 vita:
2491 2569 2926 2650 recordationem
2974 2590 3123 2646 vobis
3169 2597 3362 2644 vestrm
3407 2585 3616 2642 auferat
3658 2587 3904 2656 sponsio-

2325 2687 2430 2742 nis.
2462 2684 2486 2724 ιε
2517 2683 2742 2754 lmplete
2780 2682 2960 2738 omnia
2989 2695 3107 2751 quae
3143 2679 3367 2735 audistis
3412 2677 3691 2748 imperari.
3732 2677 3904 2733 Nolite

2325 2775 2529 2833 similes
2574 2773 2717 2829 efﬁci
2746 2773 2946 2843 papulo
2974 2770 3298 2836 Judaeomm,
3330 2769 3422 2838 qui
3462 2783 3589 2824 cum
3629 2767 3904 2824 audissent

2326 2874 2596 2939 praecepta
2627 2865 2760 2931 Dei,
2808 2872 2959 2920 recte
2985 2863 3200 2934 quidem
3229 2862 3484 2918 dixerunt
3515 2879 3529 2914 :
3573 2857 3768 2914 Omnia
3798 2875 3904 2931 quc

2327 2957 2593 3013 mandavit
2631 2956 2778 3010 nobis
2823 2953 3074 3009 Dominus
3111 2953 3376 3008 audiemus
3401 2993 3417 3021 ,
3457 2957 3510 3006 et
3537 2951 3794 3022 faciemus
3843 2966 3901 3004 es

2327 3048 2524 3120 (Exod.
2571 3047 2719 3118 XIX);
2761 3046 2855 3102 sed
2907 3045 3052 3117 quod
3096 3046 3237 3101 bene
3265 3045 3628 3115 promiserant
3654 3043 3903 3112 neglexe-

2323 3149 2469 3197 runt.
2518 3140 2844 3196 Placuerunt
2872 3140 3015 3195 enim
3059 3139 3171 3194 Deo
3206 3138 3224 3177 ι
3271 3138 3527 3208 quoniam
3563 3151 3626 3192 se
3653 3136 3900 3191 mandata

2323 3235 2440 3305 ejus
2484 3241 2793 3290 servaturos
2839 3232 3220 3302 promiserunt.
3272 3229 3364 3286 Sic
3407 3229 3626 3299 quidem
3681 3228 3901 3297 legimus

2323 3327 2522 3382 dixisse
2561 3323 2631 3379 ad
2675 3323 2897 3394 Moysen
2924 3321 3181 3392 populum
3225 3319 3428 3375 Israel:
3475 3317 3701 3382 Accede,
3734 3327 3816 3382 tu,
3855 3324 3901 3370 et

2323 3419 2446 3472 audi
2473 3419 2646 3472 omnia
2668 3425 2707 3453 ω
2727 3423 2918 3487 quanta
2948 3414 3169 3482 loquitur
3195 3411 3448 3467 Dominus
3478 3410 3618 3465 Deus
3639 3420 3815 3464 noster
3836 3408 3901 3461 ad

2323 3518 2402 3576 te;
2446 3517 2496 3563 et
2524 3517 2577 3562 tu
2622 3508 2844 3577 loqueris
2873 3504 2941 3558 ad
2988 3520 3082 3558 nos
3112 3505 3288 3558 omnia
3331 3509 3526 3574 quanta
3572 3500 3800 3572 loquitur
3835 3498 3897 3552 ad

2323 3603 2485 3674 720
2511 3616 2607 3654 nos
2635 3597 2889 3652 Dominus
2910 3595 3050 3650 Deus
3073 3604 3281 3660 noster;
3303 3603 3352 3649 et
3371 3593 3658 3657 audiemus,
3674 3602 3726 3646 et
3753 3579 3902 3662 {acie-

2323 3710 2456 3749 mus.
2492 3690 2561 3745 Et
2579 3690 2712 3744 dixit
2733 3688 2804 3741 ad
2833 3685 3050 3757 Moysen
3075 3684 3331 3740 Dominus
3354 3698 3373 3738 :
3396 3683 3580 3737 Audiri
3603 3698 3775 3737 vocem
3800 3697 3904 3735 ser—

2323 3797 2532 3838 monum
2563 3779 2738 3851 populi
2768 3777 2918 3847 hujus
2942 3816 2958 3841 ,
3000 3783 3195 3847 quanta
3236 3775 3391 3828 locuti
3429 3781 3569 3827 sunt.
3601 3769 3732 3836 Quis
3768 3770 3905 3824 dabit

2323 3889 2412 3928 cor
2440 3888 2613 3927 eorum
2643 3872 2717 3925 sic
2744 3885 2854 3923 esse
2881 3869 2935 3922 in
2967 3869 3058 3933 eis,
3089 3875 3144 3920 ut
3173 3874 3399 3920 metuant
3433 3881 3532 3930 me,
3565 3874 3616 3918 et
3643 3863 3904 3919 observent

2322 3973 2584 4036 praecepta
2611 3979 2724 4017 mea
2752 3959 2986 4016 omnibus
3029 3957 3246 4016 diebus?
3294 3957 3627 4013 Placuerunt
3669 3972 3820 4027 ergo,
3850 3964 3906 4011 ut

2323 4058 2580 4124 diximus,
2627 4055 2760 4120 Deo,
2795 4061 2824 4090 ιι
2851 4051 3107 4122 quoniam
3146 4050 3372 4121 polliciti
3400 4058 3526 4105 sunt
3564 4064 3626 4105 se
3653 4049 3902 4105 mandata

2323 4147 2442 4217 ejus
2487 4159 2607 4202 esse
2635 4145 2873 4199 facturos
2899 4183 2914 4209 ,
2963 4140 3058 4195 sed
3087 4140 3492 4210 displicuerunt,
3523 4139 3781 4208 quoniam
3807 4153 3905 4209 po-

2323 4240 2425 4296 sita
2446 4237 2546 4293 sibi
2570 4233 2842 4301 mandata,
2871 4240 2928 4287 et
2947 4247 3066 4302 qurc
3091 4231 3454 4301 promiserunt
3474 4245 3712 4295 servare,
3734 4238 3905 4284 trans-

2326 4327 2496 4400 gressi
2518 4333 2659 4382 sunt.
2692 4324 2770 4379 De
2798 4323 2926 4393 ipsis
2951 4321 3094 4377 enim
3126 4322 3386 4391 propheta
3409 4321 3648 4391 loquitur
3675 4321 3857 4375 dicens
3885 4335 3900 4373 :

643 4413 748 4478 dit,
776 4411 942 4482 surgit
979 4429 1012 4465 a
1041 4427 1208 4476 caena,
1237 4422 1286 4466 et
1313 4413 1484 4482 posuit
1521 4414 1820 4469 vestimenta
1845 4433 1980 4482 sua;
2019 4428 2069 4472 et
2103 4437 2218 4476 cum
2247 4399 2300 4460 Ῑ)
2322 4399 2626 4477 Dilexerunt
2653 4432 2770 4470 eum
2796 4417 2849 4468 in
2875 4430 2962 4468 ore
2992 4429 3106 4476 suo,
3138 4420 3188 4466 et
3225 4412 3408 4483 lingua
3435 4428 3531 4466 sua
3559 4413 3762 4465 mentiti
3789 4421 3905 4465 sunt

643 4505 922 4574 accepisset
948 4502 1212 4562 lienteum.
1240 4503 1513 4572 praecinxit
1540 4520 1614 4557 se.
1640 4503 1839 4560 Deinde
1866 4509 2006 4562 misit
2033 4528 2220 4583 aquam

644 4596 701 4651 in
728 4593 933 4666 pelvim,
970 4600 1022 4647 et
1059 4593 1208 4663 carpit
1237 4592 1408 4647 lauare
1447 4592 1598 4663 pedes
1627 4593 2014 4663 discipulorum,
2054 4610 2102 4655 et
2125 4620 2220 4660 ex-

717 4739 742 4798 !
776 4725 891 4783 Olei
919 4727 1349 4798 sanctiﬁcatione.

714 4797 1079 4871 1tI_nhac..._._.
1119 4799 1443 4871 terminatur.
1537 4853 1558 4871 .

719 4879 742 4943 εξ
775 4869 926 4943 illius
954 4867 1094 4943 uobis
1119 4868 1283 4938 regni,
1314 4867 1456 4922 illius
1476 4867 1752 4924 sacerdotii
1779 4875 2013 4943 contulit,
2046 4887 2150 4935 etc.

715 4935 744 4974 ά
773 4937 1042 5009 Miramini
1063 4935 1216 5009 forte.

720 5015 744 5042 ε
775 5005 900 5088 {Yon
937 5024 1032 5088 ego
1061 5004 1225 5076 uobis,
1256 5004 1411 5061 deest
1437 5024 1629 5076 verum,
1669 5011 1866 5069 deinde
1893 5033 1985 5082 per
2011 5028 2222 5088 aposto-

647 5074 754 5129 lum
779 5074 1031 5130 Christus.

722 5142 743 5223 ξ
779 5141 1042 5224 Quomodo
1070 5149 1206 5224 enim
1229 5148 1392 5224 irasci
1418 5151 1610 5218 putatis
1639 5149 1824 5218 Deum,
1855 5154 1909 5224 si
1929 5164 2044 5222 post
2071 5157 2222 5212 bene-

647 5213 782 5296 ficia.
797 5213 928 5282 ejus,
961 5226 1076 5296 post
1093 5213 1468 5296 indulgentiam
1487 5213 1822 5296 peccatorum
1822 5213 2008 5296 petitis
2022 5227 2090 5278 ad
2113 5244 2227 5296 pec-

647 5282 868 5335 candum
896 5282 1096 5362 reuerti,
1113 5295 1176 5362 _et
1200 5282 1285 5358 qui
1325 5282 1562 5357 adoptati
1585 5293 1705 5362 es_tis
1731 5293 1787 5344 in
1813 5291 1909 5345 Dei
1933 5294 2091 5362 ﬁlios,
2114 5282 2221 5349 'ite-

647 5369 763 5425 rum
803 5354 952 5425 quasi
996 5358 1145 5421 serui,
1177 5354 1557 5414 contemnentes
1608 5359 1776 5415 Deum
1813 5354 1976 5417 velitis
2031 5354 2226 5421 diaboli

649 5422 826 5496 facere
837 5422 1169 5496 uoluntatem.

717 5501 745 5567 _8
775 5493 1086 5567 gandetum
1111 5493 1266 5567 vobis,
1293 5503 1650 5567 et_e:cemplum
1679 5501 2005 5556 tradidimus.

718 5561 1045 5642 {Serrorum
1069 5561 1298 5642 implere.
1327 5564 1475 5628 Quod
1502 5561 1546 5622 si
1568 5571 1878 5642 injuriosum
1911 5573 2020 5642 quis
2051 5581 2218 5640 putat,

655 5640 703 5686 ct
736 5634 980 5690 diabolici
1006 5634 1221 5706 inﬂatus
1251 5645 1448 5690 tumore
1474 5634 1774 5694 mandatum
1813 5634 2023 5696 Domini
2045 5634 2226 5704 facere

2321 4515 2369 4569 ei
2411 4511 2584 4583 (Psal.
2627 4506 2848 4578 Lxxvu).
2893 4504 3007 4561 lioc
3035 4511 3118 4560 est
3151 4503 3294 4560 enim
3333 4512 3358 4540 ο
3403 4517 3500 4558 ore
3527 4518 3683 4569 eum,
3714 4512 3768 4558 et
3798 4519 3903 4559 non

2315 4603 2483 4662 corde
2509 4600 2731 4670 diligere
2763 4615 2776 4651 :
2807 4595 2952 4666 quod
2995 4595 3322 4666 promittunt
3347 4609 3410 4649 se
3437 4593 3535 4648 Dei
3575 4595 3905 4650 voluntatem

2394 4738 2657 4791 dianatur.

2327 4739 2657 4808 dedignatur.
2747 4802 2760 4814 .
2819 4803 2831 4815 .
2943 4803 2955 4815 .
3347 4799 3358 4810 _
3388 4799 3398 4809 .
3857 4796 3868 4807 O

2411 4808 2425 4845 ί
2459 4805 2531 4859 Et
2558 4818 2786 4875 quamvis
2813 4801 2901 4855 ille
2932 4800 3220 4875 rnamenta
3240 4798 3444 4875 nobilis,
3477 4813 3748 4875 pauperes,
3777 4805 3828 4850 et
3851 4813 3904 4848 ru

2330 4878 2425 4932 hoc
2456 4867 2643 4929 swculo
2666 4871 3073 4941 contemptibiles
3098 4869 3381 4941 Christiani
3402 4867 3577 4923 lauare
3596 4867 3750 4938 pedes
3780 4883 3904 4920 era-

2327 4947 2504 5014 bescit,
2532 4944 2619 5014 qui
2645 4950 2693 5014 et
2716 4942 2810 5014 hoc
2832 4939 3073 5014 prwceplt
3092 4949 3142 5014 et
3171 4939 3308 5009 fecit,
3332 4945 3438 5014 etc.

2403 5013 2418 5066 ἱ
2469 5004 2602 5068 Cod.
2642 5012 2709 5066 de
2748 5004 3023 5080 Appanuis
3050 5004 3212 5064 habet
3252 5007 3550 5080 :_dign_atu_s
3581 5015 3680 5080 est.
3713 5004 3812 5059 Ille
3851 5020 3904 5057 se

2328 5084 2611 5138 humiliavit
2634 5076 2988 5153 inferioribus,
3016 5096 3112 5153 nos
3137 5094 3260 5153 vero
3277 5076 3539 5153 humiliari
3561 5076 3904 5153 dedignamur

2329 5153 2606 5227 gequalibus
2634 5145 2845 5227 et'sa’pe
2872 5149 3185 5227 melioribus.
3219 5145 3368 5210 Quod
3400 5162 3504 5199 non
3531 5145 3758 5208 aliunde,
3792 5156 3900 5200 etc.

2326 5219 2405 5279 lta
2433 5223 2594 5278 etiam
2619 5219 2895 5290 Augustini
2915 5219 3097 5275 editio.

2401 5293 2429 5331 ι
2455 5292 2672 5360 Implete
2701 5284 2874 5345 omnia
2901 5305 3016 5360 qua
3037 5287 3254 5360 audistis
3283 5285 3536 5356 imperia;
3568 5284 3773 5355 implete
3794 5299 3906 5338 om-

2329 5364 2419 5432 nia
2444 5359 2614 5432 vestra
2639 5378 2763 5432 qua:
2788 5359 3114 5432 promisistis.

2407 5431 2424 5470 ι
2459 5431 2677 5495 Quando
2708 5445 2803 5500 pro
2831 5431 3094 5500 quoniam.

2403 5513 2441 5539 ω
2463 5488 2672 5564 Quanta
2700 5488 2921 5569 loquiiur
2947 5498 3013 5551 ad
3033 5514 3121 5551 vos
3141 5488 3412 5569 Dominus,
3437 5502 3542 5548 etc.

2403 5581 2429 5608 ιι
2463 5560 2888 5638 Quandoquidem
2925 5581 3024 5640 pro
3051 5567 3331 5638 quoniam;
3358 5565 3432 5619 ίῑδ
3459 5560 3623 5635 Paulo
3649 5566 3794 5633 W5"

2405 5649 2430 5678 ο
2462 5640 2566 5696 Ore
2591 5638 2776 5696 Deum.

2405 5649 2430 5678 ⁰
2462 5649 2566 5696 Ure
2591 5649 2776 5696 Deum.
