4138 6196
256 321 341 378 781

1250 311 1655 368 TRACTATUS
1694 312 1782 369 IV.
1825 312 2097 369 comm
2150 288 2482 369 riemes.

3386 320 3492 372 782

254 448 365 493 esse
390 432 660 495 facturos,
712 430 1044 486 mentiuntur
1072 428 1268 497 lingua,
1313 438 1369 483 et
1415 430 1482 483 ad
1511 426 1812 484 faciendam
1844 434 1887 490 Α
1917 428 2016 483 dor
2058 427 2297 482 dentium
2328 427 2541 496 (Matth.
2589 428 2733 498 vm);
2778 431 2867 485 ubi
2906 431 3041 485 sicut
3083 431 3196 500 ipse
3238 430 3491 487 Dominus

255 522 445 581 diaboli
491 519 759 588 refugiunt
787 519 1151 586 voluntatem;
1201 519 1626 587 omnipotentem
1652 518 1821 573 Deum
1917 517 1993 571 ait
2031 534 2045 570 :
2086 516 2285 571 Vermis
2305 534 2477 571 eorum
2518 535 2619 571 non
2649 521 2912 585 morietur,
2941 530 2991 573 et
3026 522 3161 592 ignis
3189 538 3364 574 eorum
3389 539 3490 577 non

257 613 319 668 ad
346 609 674 666 iracundiam
702 614 1059 678 provocantes
1081 648 1096 673 ,
1139 608 1229 678 qui
1270 623 1329 662 se
1357 608 1564 663 irrideri
1593 624 1699 663 non
1728 623 1825 677 pa—
1917 611 2280 680 exstinguetur
2304 608 2495 680 (Marc.
2529 609 2623 680 ix).
2658 620 2683 647 ε·
2714 610 2820 666 Nos
2848 620 3023 665 autem
3048 656 3063 678 ,
3106 612 3295 668 fratres
3322 613 3490 669 dilec-

257 704 396 757 titur.
437 699 540 765 Qui
568 714 691 753 cum
734 706 788 753 ct
816 713 981 768 opera
1022 698 1298 753 hominum
1327 699 1621 767 quamlibet
1649 699 1701 752 in
1732 713 1825 753 oc-
1920 699 2131 765 tissimi,
2161 699 2429 753 credimus
2456 699 2512 753 in
2537 700 2753 755 nomine
2770 699 3004 769 Domini,
3035 703 3179 771 quod
3204 721 3312 759 non
3342 714 3490 759 tran-

256 791 393 848 culto
423 791 563 844 laeta
590 787 917 856 conspiciat;
962 788 1199 856 quicum
1224 788 1385 843 verba
1428 788 1609 843 omnia
1636 803 1826 857 quam-
1920 791 2107 846 sitorie
2140 792 2369 846 audiatis
2395 792 2557 847 verba
2580 801 2781 861 nostra,
2814 795 2921 849 imo
2949 795 3144 863 divina,
3176 798 3319 866 quia,
3351 800 3492 867 quod

256 882 375 938 libet
421 887 632 935 secreto
678 878 1064 932 insusurrantis
1100 878 1312 943 audiat;
1362 878 1453 946 qui
1482 893 1604 932 cum
1652 877 1827 931 omnis
1918 881 2073 936 vobis
2105 881 2361 948 dicimus,
2394 897 2461 936 ex
2489 883 2689 938 sanctis
2727 892 2782 938 et
2810 884 3001 941 divinis
3030 886 3258 955 eloquiis
3284 897 3489 943 mutua-

255 972 486 1028 omnium
534 968 893 1037 cogitationes
918 968 1180 1036 intelligat
1223 977 1278 1022 et
1306 976 1629 1037 cognoscat,
1669 981 1822 1022 scve-
1921 989 2059 1026 mur.
2089 972 2378 1042 Speramus
2417 975 2471 1027 in
2512 975 2738 1029 Domino
2776 977 2919 1044 quod
2942 977 3146 1031 facietis
3174 979 3352 1033 omnia
3375 996 3493 1048 qua:

256 1061 457 1116 rissime
484 1058 770 1128 judicabit.
796 1058 897 1126 Qui
922 1059 1012 1115 hic
1038 1059 1160 1115 ideo
1198 1075 1307 1114 non
1335 1074 1548 1130 semper
1576 1067 1820 1114 contem-

257 1161 434 1223 ptores
459 1165 588 1205 suos
616 1150 789 1219 punit,
820 1150 944 1218 quia
975 1150 1030 1203 in
1066 1151 1243 1207 futuro
1271 1150 1506 1205 decrevit
1534 1164 1652 1204 esse
1674 1148 1820 1217 judi-

260 1244 414 1306 cium,
445 1241 536 1297 ubi
563 1248 767 1295 aeterna
808 1240 1184 1295 condemnatio
1212 1248 1269 1295 et
1296 1248 1554 1311 perpetua
1580 1247 1824 1294 servatur

256 1332 621 1405 peccatoribus
646 1346 805 1403 pcena
835 1347 849 1386 :
878 1330 953 1387 ibi
978 1332 1083 1387 erit
1104 1330 1260 1387 ﬂetus
1286 1331 1585 1395 oculorum,
1616 1339 1673 1385 et
1699 1329 1823 1385 stri-

1926 1061 2267 1130 promisistis,
2299 1062 2325 1099 ιι
2349 1061 2636 1131 adjuvante
2661 1078 2757 1118 vos
2786 1064 2839 1117 in
2874 1064 3001 1133 ipsis
3020 1067 3217 1121 sanctis
3245 1068 3497 1137 operibus

1924 1149 2137 1204 Domini
2176 1151 2349 1205 nostri
2376 1150 2503 1207 Jesu
2532 1152 2730 1208 Christi
2770 1154 2938 1221 gratia
2968 1172 2979 1205 :
3013 1155 3096 1208 cui
3138 1164 3222 1209 est
3247 1157 3415 1223 gloria
3443 1166 3497 1211 et

1926 1241 2101 1296 honor
2128 1257 2251 1295 cum
2293 1241 2451 1296 Patre
2477 1252 2532 1297 et
2558 1242 2761 1312 Spiritu
2802 1250 2987 1299 sancto
3019 1246 3070 1297 in
3100 1247 3293 1299 sarcula
3331 1262 3497 1301 smcu—

1925 1330 2117 1387 lorum.
2148 1332 2339 1387 Amen.
2368 1332 2617 1403 Explicit.

1376 1487 2073 1575 TRACTATUS
2147 1485 2313 1576 IV.‘

1542 1623 1796 1676 CONTRA
1827 1624 2139 1679 PAGANOS.

322 1735 482 1804 721
508 1728 604 1786 Est
630 1727 960 1785 consuetudo
979 1726 1147 1783 servis
1170 1726 1265 1782 Dei
1292 1742 1449 1781 omne
1469 1741 1605 1796 opus
1626 1726 1826 1780 bonum
1856 1730 1905 1789 B
1931 1727 2065 1780 riam
2091 1727 2259 1791 dedit,
2284 1736 2340 1782 et
2366 1726 2533 1781 Goliae
2552 1729 2838 1797 superbam
2866 1730 3093 1787 frontem
3120 1734 3257 1790 fastu
3284 1739 3507 1793 temeri-

256 1826 304 1880 in
331 1825 477 1880 dicto
500 1822 584 1877 vel
612 1822 666 1875 in
697 1819 858 1885 facto,
895 1819 949 1872 in
997 1817 1214 1872 nomine
1257 1816 1455 1871 Christi
1503 1830 1780 1870 assumere
1804 1855 1821 1882 ,

1934 1814 2059 1867 tatis
2085 1822 2339 1881 erectam,
2370 1817 2575 1883 potenti
2602 1818 2799 1872 virtute
2833 1820 3048 1888 dejecit.
3098 1822 3194 1877 llic
3224 1825 3364 1879 Deus
3403 1842 3493 1881 no-

254 1917 391 1988 quod
420 1913 804 1988 perficiendum
831 1911 901 1966 sit
928 1910 995 1964 ad
1022 1909 1247 1977 gloriam
1275 1908 1406 1973 Dei,
1456 1913 1711 1962 monente
1750 1905 1826 1958 ita
1925 1910 2055 1967 ster,
2088 1903 2175 1957 hic
2201 1904 2445 1959 Christus
2473 1915 2573 1967 est,
2600 1905 2852 1961 Dominus
2893 1920 3160 1964 conterens
3186 1913 3342 1978 bella,
3388 1915 3496 1970 Do~

256 2007 510 2078 Apostolo
550 2011 608 2060 et
654 2003 867 2058 dicente
914 2019 927 2054 :
974 1998 1166 2054 Omnia
1202 2014 1515 2071 quacunque
1562 1998 1732 2067 facitis
1770 1997 1827 2049 in

256 2100 385 2151 dicto
412 2096 489 2150 vel
515 2097 676 2167 facta,
706 2092 883 2147 omnia
908 2092 962 2144 in
992 2090 1196 2143 nomine
1221 2086 1414 2141 Christi
1437 2087 1589 2157 facile
1619 2085 1670 2156 (Ι
1702 2083 1823 2139 Cor.

256 2189 328 2260 ι).
359 2188 534 2242 Hodie
556 2187 777 2255 juvante
815 2182 1043 2237 Domino
1091 2182 1141 2234 in
1190 2180 1357 2251 ipsius
1384 2178 1602 2233 nomine
1628 2176 1829 2232 Christi

256 2280 547 2335 Salvatoris
576 2276 747 2331 nostri
774 2282 960 2331 contra
987 2272 1229 2340 Paganos
1255 2270 1425 2325 aciem
1449 2268 1759 2323 instruimus
1773 2274 1829 2321 et

255 2368 495 2424 coelestia
523 2367 628 2421 tela
656 2372 952 2434 portamus,
978 2362 1223 2416 inimicos
1262 2359 1461 2413 Christi
1485 2358 1723 2413 veritatis
1746 2356 1829 2425 ja-

256 2460 390 2514 culis
410 2458 635 2521 ferituri,
665 2462 719 2508 et
747 2453 1043 2509 contrarios
1071 2452 1270 2515 hostes,
1294 2459 1351 2504 et
1376 2446 1609 2519 perﬁdia:
1631 2454 1825 2513 castra,

255 2557 309 2604 et
334 2562 695 2619 supervacuas
719 2554 895 2598 turres
922 2539 1114 2597 crebro
1141 2541 1308 2594 ariete
1334 2539 1461 2594 fidei
1488 2538 1826 2609 prostraturi,

255 2646 545 2706 sequentes
570 2634 839 2689 Christum
879 2632 1092 2693 ducem,
1125 2630 1407 2684 Dominum
1442 2629 1652 2684 scilicet
1677 2627 1831 2683 Chri-

256 2736 423 2795 stum,
466 2726 557 2795 qui
602 2733 659 2779 et
692 2739 788 2794 per
814 2721 993 2777 Jesum
1044 2719 1209 2774 ﬁlium
1254 2719 1419 2785 Nave,
1464 2733 1831 2774 successorem

259 2817 451 2889 Moysi,
475 2816 689 2870 Iericho
712 2811 955 2883 superbae
990 2809 1221 2865 civitatis
1258 2824 1443 2863 muros
1470 2809 1751 2875 destruxit,
1777 2817 1834 2863 et

260 2924 354 2980 per
374 2907 653 2979 apostolos
679 2919 806 2960 suos
827 2902 987 2971 hujus
1019 2900 1205 2955 mundi
1243 2900 1534 2955 elationem
1577 2898 1837 2953 extollen-

260 3011 366 3058 tem
419 3016 479 3056 se
525 2999 806 3054 adversum
845 2994 1123 3049 scientiam
1163 2991 1281 3058 Dei,
1314 3007 1484 3061 usque
1528 2990 1597 3046 ad
1644 2990 1834 3045 funda-

1926 1993 2098 2047 minus
2127 2010 2313 2048 nomen
2357 2005 2434 2049 est
2470 1996 2548 2047 illi
2588 1994 2808 2064 (Iudith.
2840 2001 2973 2069 xvr),
3019 2003 3110 2071 qui
3138 2020 3236 2072 pro
3265 2022 3361 2062 suo
3402 2024 3495 2062 no-

1928 2084 2071 2137 mine
2096 2084 2453 2152 pugnantibus
2480 2087 2641 2155 722
2669 2089 2838 2143 servis
2877 2091 3007 2155 suis,
3038 2100 3093 2145 et
3140 2096 3377 2163 praelium
3408 2114 3501 2167 pro

1933 2174 2163 2229 veritate
2186 2175 2519 2228 sumcntibus
2545 2191 2758 2246 semper
2785 2179 2999 2247 adjutor
3040 2197 3160 2238 esse
3204 2191 3501 2242 consuevit.

1928 2264 2091 2318 Aiunt
2111 2279 2239 2333 ergo
2269 2265 2460 2334 pagani
2504 2265 2616 2322 fato
2644 2269 2824 2325 omnia
2872 2270 3010 2339 ﬁeri,
3055 2281 3110 2328 et
3154 2275 3295 2331 circa
3338 2291 3504 2344 genus

1928 2355 2221 2411 humanum
2253 2362 2422 2409 totum
2457 2370 2578 2410 esse
2625 2356 2788 2411 fixum
2834 2368 2890 2413 et
2931 2361 3204 2417 immobile
3249 2366 3506 2435 quidquid

1928 2445 2097 2498 fatum
2143 2444 2391 2500 habuerit
2416 2446 2497 2500 vel
2541 2447 2837 2514 decretum,
2866 2458 2924 2504 et
2962 2452 3094 2504 nihil
3134 2468 3342 2522 preces,
3374 2457 3507 2511 nihil

1930 2536 2204 2591 orationes
2234 2536 2429 2590 valere.
2461 2536 2663 2602 Quibus
2689 2539 2863 2606 primo
2890 2540 3127 2596 breviter
3153 2542 3506 2610 dieimus,ve-

1931 2630 2010 2685 lut
2035 2646 2142 2686 uno
2164 2638 2343 2685 aratro
2372 2631 2513 2699 ﬁdei,
2545 2641 2600 2687 et
2625 2646 2831 2688 securae
2856 2635 3095 2689 veritatis
3116 2644 3281 2693 totam
3308 2641 3508 2695 erroris

1932 2737 2118 2778 eorum
2138 2724 2339 2778 circum
2368 2723 2727 2778 abscindimus
2754 2732 2809 2780 et
2834 2726 3191 2783 subvertimus
3218 2730 3423 2784 silvam.
3448 2732 3505 2785 Si

1935 2813 2064 2867 nihil
2092 2826 2221 2880 ergo
2241 2828 2431 2882 preces
2456 2814 2543 2867 vel
2584 2816 2859 2870 orationes
2885 2817 3083 2881 valent,
3131 2834 3164 2873 ο
3208 2823 3418 2889 pagani,
3451 2833 3508 2878 et

1935 2909 2109 2956 totum
2143 2899 2307 2955 ﬁxum
2346 2909 2447 2969 est,
2480 2910 2540 2956 ut
2565 2903 2743 2958 dicitis
2766 2945 2780 2972 ,
2809 2904 2953 2973 quod
2978 2905 3145 2962 fatum
3189 2909 3394 2964 dederit
3422 2912 3507 2965 vel

1934 2991 2233 3058 decretum,
2257 3006 2355 3045 cur
2379 3006 2479 3047 vos
2521 2992 2653 3047 deos
2699 3001 2754 3048 et
2799 2994 2928 3050 deas
2964 2997 3175 3052 colitis?
3218 2998 3326 3053 Cur
3353 3000 3509 3059 idolis

262 3102 445 3149 menta
473 3090 685 3159 dejecit.
728 3087 838 3157 Age
866 3099 1009 3139 nunc
1034 3082 1466 3151 contemplemur
1498 3082 1629 3136 istos
1673 3095 1838 3149 paga-
1866 3081 1911 3145 C
1942 3081 2267 3135 immolatis?
2288 3080 2398 3135 Cur
2436 3097 2649 3150 preces,
2680 3092 2735 3137 et
2762 3085 2915 3139 thura
2945 3128 2961 3153 ,
3010 3094 3066 3141 et
3108 3088 3370 3155 victimas,
3412 3108 3509 3146 cur

263 3200 378 3247 nos,
415 3192 471 3237 et
517 3195 703 3236 eorum
746 3175 1071 3233 assertiones
1116 3173 1169 3227 in
1205 3171 1438 3227 medium
1481 3169 1834 3241 proferamus.

263 3277 431 3329 Aiunt
466 3272 655 3345 pagani
677 3272 784 3324 fato
806 3268 984 3324 omnia
1014 3265 1149 3331 ﬁeri,
1182 3267 1196 3297 ¹
1228 3274 1283 3320 et
1310 3265 1443 3318 nihil
1470 3279 1672 3334 preces,
1704 3263 1838 3317 nihil

265 3368 543 3421 orationes
563 3364 771 3428 valere;
820 3369 874 3415 et
921 3359 1061 3414 idola
1109 3358 1175 3412 ad
1203 3357 1428 3412 deorum
1472 3356 1734 3411 honorem
1783 3364 1839 3411 et

262 3458 671 3515 similitudinem
717 3453 821 3509 coli
845 3491 859 3517 ,
912 3451 996 3506 vel
1051 3450 1300 3504 universa
1344 3448 1609 3503 elementa
1654 3447 1840 3502 dicunt

262 3550 433 3603 etiam
459 3548 590 3602 deos
635 3552 690 3600 et
726 3543 853 3598 deas
882 3555 1018 3606 esse,
1047 3548 1101 3593 et
1138 3538 1380 3592 habitare
1418 3538 1472 3591 in
1500 3537 1669 3605 caelis,
1698 3546 1754 3591 et
1782 3538 1835 3593 in

262 3639 453 3707 signis,
500 3645 556 3691 et
596 3635 651 3689 in
698 3633 886 3689 stellis.
918 3628 1176 3685 Videmus
1221 3628 1402 3697 igitur,
1433 3627 1661 3693 fratres,
1704 3628 1838 3683 istos

263 3742 507 3797 paganos
532 3734 587 3780 et
616 3724 911 3790 astrologos
934 3734 1060 3775 vere
1095 3716 1288 3783 fatuos,
1330 3726 1385 3772 et
1412 3725 1553 3771 astra
1580 3717 1693 3772 haec
1716 3717 1836 3772 ina-

264 3820 425 3874 nibus
449 3818 569 3871 telis
594 3822 816 3879 armata,
847 3819 902 3867 et
930 3811 983 3864 in
1013 3809 1116 3863 isto
1145 3807 1329 3877 praelio
1355 3808 1471 3861 sine
1499 3822 1651 3862 mora
1680 3822 1839 3863 casu-

263 3921 376 3961 ros.
436 3905 634 3959 Putant
672 3903 813 3958 enim
855 3916 912 3955 se
954 3896 1198 3967 superbis
1238 3904 1295 3950 et
1338 3897 1492 3951 elatis
1522 3898 1840 3964 arrogantiae

265 4012 375 4050 suae
400 3995 568 4049 armis
593 3993 823 4057 indutos,
856 3992 876 4022 ’
906 3985 1296 4057 allophylorum
1318 3987 1495 4049 socios
1522 3988 1693 4042 aciem
1722 3988 1838 4055 Dei,

266 4096 320 4139 et
350 4084 705 4139 lsracIiticam
734 4082 984 4136 virtutem
1015 4091 1175 4147 posse
1198 4076 1433 4142 turbare,
1453 4086 1508 4131 et
1532 4093 1638 4132 non
1656 4088 1847 4148 putant

268 4174 529 4229 Davidico
558 4172 735 4242 lapide
756 4186 827 4225 se.
844 4168 997 4224 facile
1017 4180 1176 4237 posse
1195 4176 1553 4235 prosternere.
1582 4168 1741 4238 Lapis
1760 4170 1849 4225 hic

266 4266 522 4319 Christus
541 4272 625 4318 est
652 4263 906 4315 Dominus
931 4266 1133 4321 noster,
1166 4258 1257 4328 qui
1282 4268 1337 4313 et
1365 4258 1462 4328 ipsi
1490 4259 1653 4313 David
1678 4260 1847 4315 victo-

339 4412 364 4436 "
402 4400 509 4452 Vos
529 4406 717 4459 autent,
735 4398 919 4467 fratres
942 4395 1278 4459 dilectissimi,
1296 4397 1547 4449 credimus
1569 4396 1620 4447 in
1644 4396 1849 4449 nomine

269 4471 507 4533 Domini,
541 4468 661 4538 quid
695 4483 795 4523 non
827 4467 1140 4538 transitorie,
1174 4475 1280 4519 etc.

341 4542 369 4579 ὓ
405 4540 520 4592 Deo
547 4533 823 4605 adjuvantc
850 4550 937 4588 vos
964 4537 1020 4588 in
1040 4537 1232 4588 sanctis
1261 4535 1517 4604 aperibus,
1545 4537 1707 4602 ipsius
1737 4533 1849 4589 Do-

1939 3175 2187 3228 universa
2222 3173 2363 3227 dona
2395 3174 2449 3226 in
2498 3176 2709 3243 templis
2754 3176 3003 3243 inferitis,
3036 3180 3081 3233 si
3132 3188 3303 3236 totum
3347 3182 3509 3237 fixum

1937 3272 2019 3319 est
2067 3270 2122 3317 et
2158 3262 2452 3326 decretum,
2478 3271 2534 3317 et
2563 3264 2694 3317 nihil
2717 3267 2988 3334 precibus,
3028 3269 3160 3322 nihil
3189 3272 3499 3339 postulatio-

1941 3355 2095 3409 nibus
2137 3352 2441 3422 indulgetur
2458 3353 2545 3409 vel
2591 3353 2941 3425 impetratur?
2987 3356 3095 3410 Cur
3133 3372 3262 3426 ergo
3304 3363 3511 3431 suppli-

1940 3447 2107 3502 cans?

2013 3536 2119 3592 Sed
2146 3537 2330 3593 dicunt
2363 3555 2373 3589 :
2399 3536 2643 3591 Facimus
2672 3537 2791 3603 ista,
2819 3551 2886 3591 ne
2913 3546 3164 3594 noceant.
3201 3538 3403 3606 Quibus
3428 3542 3511 3595 di-

1942 3628 2112 3683 cimus
2142 3647 2155 3681 :
2183 3627 2467 3694 Quomodo
2488 3633 2714 3696 posSunt
2753 3642 2970 3695 nocere,
3016 3629 3110 3697 qui
3142 3644 3248 3685 non
3288 3640 3515 3699 possunt

1944 3720 2231 3789 priestare?
2262 3718 2282 3749 ³
2305 3716 2370 3770 Ει
2399 3718 2522 3786 quia
2550 3732 2678 3772 vere
2721 3717 2851 3771 nihil
2881 3732 2981 3772 nec
3027 3732 3223 3773 nocere
3251 3735 3348 3775 nec
3374 3736 3514 3790 pne-

1942 3817 2089 3863 stare
2117 3816 2380 3877 possunt,
2410 3822 2604 3861 canum
2646 3806 2887 3861 custodia
2916 3807 3060 3862 circa
3088 3822 3184 3863 eos
3210 3807 3342 3863 deos
3383 3825 3518 3879 quos

1946 3900 2124 3955 dicitis
2164 3907 2409 3966 vestros,
2454 3906 2509 3952 et
2535 3896 2821 3952 custodum
2852 3897 3124 3965 vigilantia
3164 3906 3516 3954 contestatur.

1946 3991 2171 4057 Quando
2200 3990 2343 4045 enim
2380 4004 2475 4044 eos
2516 3988 2794 4042 inveniunt
2826 3986 2988 4053 fures,
3046 3988 3315 4059 abripiunt
3362 3999 3522 4059 atque

1948 4080 2254 4136 confractos
2286 4079 2610 4132 distrahunt.
2638 4076 2718 4131 Tu
2745 4076 2881 4130 dicis
2910 4076 3018 4130 fato
3045 4078 3225 4132 omnia
3259 4078 3402 4143 fieri;
3430 4079 3523 4133 sed

1948 4186 2067 4239 quae
2097 4178 2155 4223 tu
2180 4168 2314 4223 dicis
2340 4170 2450 4221 fato
2480 4166 2620 4229 fieri,
2655 4166 2839 4219 nescio
2866 4180 2971 4233 qua
2998 4167 3252 4234 opinione
3280 4170 3484 4224 incerta
3508 4188 3523 4229 ;

1951 4274 2051 4328 ego
2079 4258 2201 4313 dico
2224 4257 2498 4312 voluntate
2525 4254 2612 4308 vel
2640 4253 2903 4323 permissu
2930 4253 3022 4307 Dei
3068 4253 3213 4319 ﬁeri;
3241 4256 3367 4323 quia
3388 4257 3525 4312 Deus

1956 4396 2085 4447 mini
2124 4393 2286 4446 nostri
2324 4389 2449 4443 Jesu
2474 4386 2664 4441 Christi
2704 4389 2895 4457 gratia,
2930 4390 3007 4441 cui
3049 4396 3094 4441 et
3121 4389 3307 4459 gloria,
3350 4401 3398 4444 et
3431 4391 3524 4445 ho-

1958 4482 2072 4527 nor,
2115 4472 2219 4517 etc.

345 4659 361 4685 ι
418 4651 665 4726 Quatuor
687 4644 953 4726 feruntur
1023 4645 1360 4725 ethnicorum
1408 4646 1852 4726 philosophorum
1883 4649 1935 4707 D
1959 4659 2081 4726 gem
2100 4641 2227 4696 Saul
2254 4641 2452 4726 bellum
2476 4648 2774 4726 gesserunt.
2819 4638 3015 4726 lterum
3062 4639 3201 4693 idem
3231 4640 3369 4726 Μξὲ.
3400 4640 3529 4720 allo-

264 4714 561 4777 sententize
588 4718 655 4769 de
684 4715 812 4769 fato.
846 4714 1021 4767 Prima
1066 4715 1119 4767 in
1166 4725 1375 4781 natura,
1412 4714 1525 4784 qua
1562 4715 1740 4768 omnia
1770 4716 1852 4782 gi-

265 4798 536 4861 gnuntur,
567 4786 734 4840 fatum
758 4784 1023 4865 agnoscit.
1058 4784 1309 4839 Secunda
1330 4826 1346 4864 ,_
1370 4800 1468 4853 pro
1497 4784 1607 4837 fato
1636 4798 1852 4852 perma-

273 4868 505 4916 nentem
536 4869 815 4910 causarum
856 4870 1048 4909 seriem
1084 4869 1385 4908 necessario
1418 4869 1674 4908 noxarum
1703 4868 1857 4907 usur-

276 4940 397 5001 pat.
432 4924 641 5001 Tertia,
670 4924 845 5001 sidera
887 4922 994 5001 fata
1017 4931 1195 5001 vocat.
1222 4922 1455 5001 Quarta,
1490 4924 1661 5001 ipsam
1690 4922 1856 5001 divini

267 4991 496 5055 consilii
526 4994 926 5051 exsecutionem
957 4994 1124 5046 fatum
1154 4992 1334 5047 habet.
1385 4993 1501 5047 Div.
1532 4993 1759 5060 August.
1787 4991 1856 5047 de

266 5072 396 5123 Civ.
432 5067 528 5121 Dei
575 5066 667 5120 lib.
698 5080 753 5123 ν,
784 5078 905 5132 cap.
945 5064 979 5116 8
1002 5102 1016 5126 ,
1064 5062 1133 5132 de
1173 5062 1281 5117 fato
1326 5062 1506 5118 Stoica
1538 5064 1853 5132 Opinionem

269 5145 537 5209 portenta
576 5129 883 5209 describens
928 5130 1329 5209 agit_._ld_'ante
1373 5129 1855 5209 prmstiteraut__(_1i-

266 5200 438 5275 cere,
467 5205 673 5261 Seneca
703 5203 898 5275 aliique
934 5200 1106 5256 multi.
1152 5200 1494 5275 Unaqumque
1530 5204 1682 5275 juxta
1735 5201 1857 5256 illos

267 5267 640 5349 philosophos
669 5267 1042 5349 necessitatem
1070 5267 1358 5349 quamdam
1390 5267 1442 5326 in
1473 5267 1860 5349 ev'en_t_ibu_s,qet

267 5340 713 5417 operationibus,
746 5343 859 5417 sive
884 5343 1130 5417 humanis
1150 5342 1357 5398 actibus
1381 5340 1700 5417 ponit._Vid._
1709 5340 1862 5417 inter

277 5410 505 5472 recent.
528 5413 801 5469 Moniliam
825 5413 877 5465 in
908 5413 1106 5466 eximio
1133 5427 1297 5481 opere
1330 5410 1517 5465 contra
1552 5410 1856 5481 Fatalistas.

347 5488 373 5518 ¹
438 5484 538 5538 Pro
567 5482 908 5550 designandis
938 5478 1311 5539 inimicisvDei.
1336 5496 1577 5550 paganos
1599 5488 1759 5534 vocat
1783 5478 1861 5550 al-

272 5555 562 5625 lophylos,
581 5548 1040 5625 quemadmodum
1070 5554 1135 5609 de
1158 5552 1241 5625 his
1260 5548 1589 5625 mentionem
1617 5550 1779 5625 habet
1808 5548 1863 5601 in

267 5620 445 5680 hom;
475 5624 539 5678 de
565 5620 984 5689 Quadragesima
1022 5639 1142 5692 quae
1168 5622 1355 5690 incipit
1381 5620 1753 5692 zifntellexisse
1776 5634 1861 5671 vos

265 5694 465 5749 credo.
510 5692 698 5764 Populi
725 5691 811 5745 isti
849 5694 901 5745 in
926 5691 1164 5749 exercitu
1190 5693 1334 5762 regis
1378 5691 1518 5746 Geth
1560 5699 1747 5746 contra
1787 5704 1866 5744 re-

1958 4708 2149 4782 phylos
2176 4718 2336 4782 vocat
2365 4709 2611 4782 inimicas
2630 4716 2876 4782 catervas
2899 4708 3251 4782 barbarorum
3270 4776 3281 4782 _
3297 4709 3530 4782 Taurino

1958 4776 2343 4840 minitantium,
2372 4778 2424 4830 in
2454 4777 2598 4830 hom.
2633 4777 2701 4830 de
2729 4776 2905 4845 Nativ.
2934 4777 3168 4845 Domini,
3198 4776 3351 4845 cujus
3367 4780 3529 4836 verba

1959 4850 2179 4905 initialia
2210 4854 2332 4901 sunt
2362 4864 2374 4897 :
2400 4845 2608 4899 Domini
2631 4845 2797 4898 nostri
2814 4843 2939 4897 Iesu
2962 4843 3172 4912 Christi,
3199 4843 3405 4912 fratres,
3434 4866 3532 4901 na-

1960 4920 2207 4974 tivitatem
2223 4912 2653 4970 solemnissimain
2676 4915 2868 4968 honore
2888 4914 3055 4967 debito
3081 4912 3411 4981 celebrantes,
3427 4928 3532 4972 etc.

1960 4991 2091 5045 item
2115 4989 2167 5043 in
2198 4988 2343 5057 hom.
2371 4985 2564 5054 Epiph.
2590 4998 2714 5057 gnte
2744 4984 2928 5057 incipit
2956 4984 3081 5057 :_Ad
3099 4986 3413 5057 ueneranda,
3433 4989 3536 5057 fra-

1964 5070 2087 5124 tres,
2116 5061 2247 5130 festa
2287 5053 2745 5130 dominicasPa‘ria
2768 5053 2943 5130 habet
2968 5053 3164 5130 Euseb.
3194 5053 3535 5130 Caesariensis

1963 5131 2016 5184 in
2040 5122 2172 5199 psal.
2189 5142 2403 5199 Lxx_xvt,
2427 5123 2639 5199 pa_g_._$_4
2650 5126 2697 5199 l_,_
2714 5123 2882 5199 tom._l
2905 5122 3221 5199 Collection.
3241 5133 3411 5199 veter.
3436 5125 3536 5178 Pa-

1963 5192 2101 5254 tru'm
2124 5198 2251 5252 edit.
2278 5192 2447 5249 Paris.
2476 5192 2630 5264 1706.
2655 5193 2787 5246 Nam
2808 5194 3107 5264 ὰλλοξύηυς
3133 5194 3348 5248 eosdem
3371 5202 3536 5264 atque

1963 5268 2208 5325 ethnicos
2236 5280 2353 5319 esse
2395 5263 2789 5332 animadvertit.
2842 5261 3043 5332 Eodem
3094 5265 3368 5331 pertinent
3414 5261 3533 5332 qua:

1962 5338 2148 5394 scribit
2169 5337 2225 5391 S.
2250 5335 2481 5389 llilarius
2521 5331 2872 5387 Pictaviensis
2903 5331 2970 5402 de
2990 5332 3273 5402 aIIOphylis
3302 5335 3356 5387 in
3386 5331 3531 5388 Psal.

1965 5426 2072 5471 ιιι,
2105 5422 2252 5460 num.
2283 5404 2367 5468 1‘2,
2411 5417 2532 5472 pag.
2575 5401 2700 5469 ηδ,
2744 5409 2873 5456 tom.
2918 5401 2939 5454 l
2977 5401 3112 5472 opp.
3147 5401 3278 5457 edit.
3315 5404 3531 5458 Veneta:

1968 5476 2125 5532 1749.
2158 5471 2424 5529 Praetereo
2451 5482 2693 5535 ceteros,
2722 5487 2787 5524 ne
2817 5471 3150 5540 longus’sim.

2037 5549 2058 5578 ³
2097 5545 2361 5601 Sanctitas
2392 5552 2563 5595 autem
2592 5551 2667 5594 est
2694 5542 2913 5595 scientia
2937 5542 3269 5597 colendorum
3302 5542 3532 5602 deorum,

1965 5636 2062 5688 quo
2092 5615 2419 5688 qztaniohrem
2449 5612 2646 5665 colendi
2682 5623 2799 5688 sunt
2841 5614 3241 5688 nonMintclligLol,
3266 5613 3422 5688 nullo
3447 5628 3533 5662 nec

1968 5680 2173 5751 ὰεεεριο
2196 5688 2256 5739 ab
2288 5686 2368 5749 iis,
2399 5700 2488 5737 nec
2508 5692 2713 5750 sperato
2744 5681 2897 5737 bona.
2926 5680 3040 5739 Cic.
3072 5682 3137 5737 de
3156 5680 3336 5736 'Divin.
3373 5680 3460 5734 lib.
3493 5695 3528 5731 ι.

2590 5762 2613 5785 ἐ
