4138 6196
642 342 744 398 783

1859 337 1914 393 S.
1954 336 2192 392 MAXIMI
2233 336 2672 395 TAURINENSIS

3775 326 3875 391 784

642 454 802 509 Pater
822 454 992 509 omnia
1016 453 1183 523 posuit
1223 452 1276 505 in
1312 468 1404 505 sua
1434 458 1681 521 potestate
1704 450 1848 520 (Act.
1883 451 1957 519 ι),
1989 455 2043 503 et
2072 446 2200 502 nihil
2232 452 2281 511 Α
2307 451 2601 519 speciosior
2627 459 2737 516 est;
2771 450 2967 521 speciei
3013 450 3153 505 enim
3191 448 3416 505 Creator
3461 442 3644 504 omnia
3682 439 3878 504 consti-

640 546 701 601 tit
721 546 863 616 quod
890 541 1158 599 Dominus
1187 544 1301 613 ipse
1327 543 1573 609 voluerit,
1600 542 1683 596 vel
1732 541 1844 594 fieri
1883 554 2040 609 posse
2083 550 2207 608 per-

639 636 860 691 miserit.
886 632 978 689 Vis
1000 633 1181 688 videre
1218 633 1509 703 prophetas
1555 638 1610 685 et
1654 628 1928 699 apostolos
1969 636 2202 691 nostros,

638 733 839 797 quanta
865 725 1151 790 faciebant,
1192 739 1299 779 non
1343 722 1438 776 fati
1465 723 1681 788 virtute,
1713 720 1807 775 sed
1833 719 1955 774 ﬁdei
1984 726 2039 774 et
2065 718 2211 787 adju-

641 817 781 872 torio
809 816 1000 872 summi
1028 815 1143 881 Dei,
1174 823 1229 869 et
1254 813 1435 868 divina
1463 811 1704 882 potentia
1730 809 1947 865 Christi.
1988 808 2129 863 Ecce
2153 816 2209 862 et

624 903 943 960 ‘confractos
967 904 1338 970 restituebant,
1368 916 1504 970 quos
1531 900 1705 955 dicitis
1730 898 1841 953 fato
1867 897 2083 962 vexari;
2114 910 2209 965 pa-

637 996 772 1049 riter
798 1003 852 1049 et
871 993 1107 1048 infirmos
1133 993 1412 1058 curabant,
1444 998 1685 1046 mortuos
1726 986 2074 1050 suscitabant,
2106 998 2209 1039 cte-

640 1099 735 1140 cos
780 1083 1153 1138 illuminabant
1205 1091 1259 1137 et
1285 1081 1505 1137 claudos
1548 1078 1854 1149 erigebant;
1896 1084 1952 1131 et
1998 1074 2131 1130 nihil
2175 1087 2208 1128 a

630 1176 749 1231 ‘fato
774 1176 1045 1246 petebant,
1077 1174 1173 1230 sed
1201 1182 1393 1241 totum,
1422 1180 1481 1227 ut
1521 1171 1651 1237 dixi,
1696 1168 2007 1225 sinceritate
2044 1165 2207 1236 723

640 1266 760 1320 lidei
782 1273 837 1320 et
862 1264 1053 1319 divinis
1076 1264 1284 1333 opibus,
1303 1273 1356 1317 et
1374 1260 1806 1317 miserationibus
1825 1256 2205 1327 adimplebant.

639 1356 771 1410 Fato
799 1355 938 1411 dicis
963 1355 1141 1409 omnia
1187 1353 1335 1408 fieri?
1371 1352 1481 1408 Sed
1524 1352 1719 1407 stultus
1748 1349 1909 1405 stulta
1950 1346 2204 1415 loquitur,

636 1458 693 1505 et
718 1465 813 1504 cor
830 1447 946 1517 ejus
969 1462 1107 1502 vana
1136 1445 1402 1514 intelligit,
1433 1452 1509 1512 et,
1532 1444 1671 1499 sicut
1691 1442 1779 1496 ille
1801 1440 1979 1496 aiebat
2006 1437 2210 1492 Tullius

637 1541 691 1593 in
721 1538 1006 1593 Hortensio
1030 1536 1213 1591 dicens
1236 1551 1249 1587 :
1272 1535 1398 1588 Aria
1420 1549 1532 1586 mea
1560 1532 1760 1585 dicebat
1788 1531 1883 1584 hoc
1901 1528 2037 1599 quod
2057 1526 2204 1592 dicis,

637 1631 747 1700 [ato
776 1629 948 1682 omnia
976 1627 1119 1695 ﬁeri;
1150 1632 1315 1678 mater
1342 1630 1514 1676 autem
1532 1622 1714 1675 mulier
1736 1620 1941 1690 sapiens
1970 1634 2073 1672 non
2096 1616 2209 1671 exi-

622 1719 878 1773 stimavit.
921 1714 991 1768 Et
1034 1729 1133 1769 nos
1159 1727 1442 1783 possumus
1488 1711 1668 1766 dicere
1715 1711 1768 1764 in
1794 1709 2040 1774 veritate,
2080 1706 2207 1776 quia

2309 542 2429 606 tuit,
2459 541 2621 613 724
2670 550 2762 595 aut
2800 543 2845 596 si
2873 542 2928 596 in
2952 542 3151 595 virtute
3178 549 3233 595 et
3260 539 3514 610 operibus
3560 553 3751 593 eorum
3778 537 3873 592 mi-

2306 639 2511 695 rantur,
2541 631 2837 699 intelligant
2857 631 2925 685 ab
2959 632 3086 700 ipsis
3130 630 3384 698 quoniam
3408 629 3507 699 qui
3534 629 3650 684 hare
3678 629 3875 684 consti-

2307 721 2409 773 tuit
2435 718 2611 786 fortia,
2636 719 2823 774 fortior
2842 728 2923 774 est
2948 720 3069 775 illis.
3094 718 3161 772 Et
3189 714 3385 774 Paulus
3405 719 3683 788 apostolus
3704 717 3831 773 dicit
3858 735 3871 771 :

2310 809 2597 863 Invisibilia
2646 811 2783 863 enim
2823 809 2919 863 Dei
2957 826 2989 862 a
3034 818 3271 863 creatura
3313 810 3525 877 mundi,
3554 826 3646 880 per
3671 826 3734 862 ea
3772 825 3879 880 qua

2309 902 2449 971 facta
2469 909 2607 966 sunt,
2636 900 2893 954 intellecta
2920 901 3321 971 conspiciuntur,
3352 901 3663 971 θεωρίων-πα
3689 915 3880 971 quoque

2308 990 2421 1059 ejus
2448 990 2608 1043 virtus
2628 998 2777 1060 atque
2797 989 3070 1053 divinitas,
3102 997 3159 1041 ut
3195 988 3299 1042 sint
3326 988 3736 1054 inexcusabiles;
3764 991 3880 1059 quia

2307 1097 2423 1134 cum
2452 1082 2807 1152 cognovissent
2835 1078 3019 1146 Deum,
3044 1095 3148 1134 non
3174 1089 3231 1132 ut
3259 1079 3424 1133 Deum
3453 1081 3685 1133 venerati
3722 1089 3877 1144 sunt,

2306 1182 2398 1225 aut
2436 1173 2633 1244 gratias
2661 1180 2872 1243 egerunt
2894 1212 2908 1238 ,
2944 1172 3036 1226 sed
3064 1180 3377 1225 evanuerunt
3402 1173 3458 1226 in
3486 1172 3880 1243 cogitationibus

2306 1263 2430 1328 suis,
2452 1272 2502 1316 et
2528 1261 2855 1317 obscuratum
2881 1272 2958 1317 est
2991 1263 3240 1333 insipiens
3270 1278 3359 1315 cor
3382 1262 3589 1317 illorum
3610 1279 3629 1316 :
3655 1263 3878 1316 dicentes

2304 1354 2440 1407 enim
2468 1369 2521 1406 se
2547 1369 2658 1406 esse
2674 1355 2951 1423 sapientes,
2974 1352 3118 1406 stulti
3143 1353 3270 1422 facti
3296 1360 3432 1405 sunt.
3458 1350 3525 1404 Et
3551 1359 3877 1405 mutaverunt

2304 1443 2524 1514 gloriam
2547 1440 2954 1511 incorruptibilis
2990 1439 3089 1493 Dei
3117 1441 3171 1493 in
3216 1440 3495 1509 imaginem
3533 1440 3878 1508 corruptibilis

2305 1534 2525 1588 hominis
2550 1542 2598 1586 et
2638 1532 2917 1597 volucrum,
2954 1539 3003 1585 et
3030 1530 3446 1601 quadrupedum,
3480 1538 3530 1584 et
3567 1532 3877 1600 serpentium

2308 1624 2483 1695 (Rom.
2507 1626 2570 1694 1),
2600 1631 2705 1678 etc.
2736 1622 2878 1692 Ergo
2903 1630 2996 1676 aut
3024 1621 3221 1690 ignem,
3251 1623 3347 1690 ait,
3377 1629 3471 1676 aut
3496 1622 3767 1692 spiritum,
3788 1629 3879 1677 aut

2306 1715 2524 1769 citatum
2565 1727 2765 1778 aerem,
2807 1719 2901 1765 aut
2948 1725 3136 1782 gyrum
3181 1711 3484 1777 stellarum,
3524 1719 3620 1766 aut
3660 1713 3879 1769 nimiam

635 1810 755 1865 avia
804 1814 1007 1869 nostra,
1039 1806 1091 1858 id
1123 1812 1206 1859 est
1247 1818 1401 1857 error
1435 1802 1686 1871 antiquus
1725 1808 1780 1855 et
1824 1799 2037 1868 gentilis
2064 1797 2200 1852 stul-
2229 1795 2275 1857 Β
2302 1819 2515 1875 aquam,
2535 1811 2627 1858 aut
2653 1803 2948 1871 solem,aut
2973 1804 3171 1870 lunam,
3184 1803 3315 1857 deos
3340 1811 3682 1872 putavean
3697 1803 3877 1872 Ignem

628 1900 752 1955 titia
779 1899 883 1953 hoc
910 1897 1142 1951 dicebat.
1164 1894 1297 1949 Nam
1323 1902 1497 1949 mater
1540 1893 1731 1947 mulier
1768 1892 2004 1960 sapiens,
2035 1898 2209 1944 mater
2304 1896 2491 1950 colunt
2516 1895 2799 1966 pagani,et
2818 1895 2978 1949 deum
3005 1894 3208 1961 dicunt,
3222 1894 3314 1963 qui
3339 1907 3478 1962 aqua
3504 1894 3874 1962 restinguitur,

632 1993 835 2049 scilicet
860 1988 1121 2056 Ecclesia,
1151 2001 1270 2057 qua:
1298 2000 1397 2042 nos
1415 1984 1642 2055 spiritali
1670 1982 1852 2051 genuit
1876 1989 2209 2053 partu,nun—
2303 1995 2397 2041 aut
2425 1994 2580 2042 rem
2610 1986 2761 2056 jactu
2785 1986 3173 2056 comprirnitur,
3202 1985 3384 2055 [gnem
3427 1985 3611 2041 ωιιωι
3639 1987 3836 2055 pagani
3860 2026 3877 2054 ,

621 2096 797 2151 quam
820 2081 923 2135 hoc
951 2079 1207 2135 arbitrata
1234 2084 1334 2143 est,
1366 2090 1486 2145 quae
1512 2075 1613 2130 scit
1639 2074 1832 2128 Filium
1871 2071 2146 2140 accepisse
2177 2083 2209 2123 a

633 2170 793 2226 Patre
830 2183 1047 2225 omnem
1093 2173 1415 2237 potestatem
1452 2164 1508 2217 in
1532 2162 1675 2218 coelo
1700 2169 1756 2216 et
1800 2162 1854 2215 in
1882 2166 2045 2215 terra.
2078 2156 2205 2212 Ideo

620 2264 689 2318 in
733 2262 949 2318 nomine
1010 2258 1127 2328 ejus
1173 2265 1350 2311 tantas
1388 2254 1615 2310 virtutes
1658 2252 1901 2308 fecerunt
1962 2245 2206 2317 discipuli

622 2353 819 2423 ipsius,
847 2350 940 2419 qui
967 2357 1022 2404 et
1042 2348 1253 2404 dicebat
1284 2364 1298 2401 :
1332 2344 1521 2411 Petite,
1564 2352 1616 2397 et
1641 2342 1934 2412 accipietis;
1955 2338 2166 2411 quwrite
2185 2375 2202 2403 ,

623 2452 683 2499 et
708 2442 1001 2505 invenietis;
1031 2440 1262 2509 pulsate,
1292 2446 1345 2492 et
1371 2435 1630 2506 aperietur
1656 2431 1797 2487 vobis
1822 2431 1840 2502 (
1861 2429 2023 2483 Joan.
2054 2443 2139 2482 xvt
2161 2426 2203 2494 ).

636 2531 833 2602 Utique
858 2529 1071 2600 quando
1098 2529 1204 2583 hoc
1230 2526 1444 2582 dicebat
1479 2524 1751 2580 erroribus
1775 2530 1831 2576 et
1869 2518 2205 2575 daemonibus

632 2623 959 2694 opponebat,
988 2619 1081 2689 qui
1112 2617 1220 2673 fata
1266 2616 1505 2684 tingunt,
1534 2621 1590 2670 et
1638 2612 1770 2667 nihil
1815 2626 2003 2682 preces
2026 2610 2207 2665 valere

633 2711 981 2778 contendunt,
1013 2725 1081 2765 ne
1109 2709 1250 2765 Deus
1278 2715 1517 2777 rogetur,
1549 2713 1603 2760 et
1623 2719 1811 2759 eorum
1830 2716 1997 2773 opera
2018 2700 2208 2759 dissol-

635 2813 846 2859 vantur.
876 2801 1001 2857 Ideo
1046 2799 1275 2871 populos
1326 2796 1583 2853 Dominus
1619 2793 1687 2850 ad
1733 2808 1792 2849 se
1834 2792 2100 2855 trahebat,
2148 2798 2209 2845 ut

635 2893 767 2948 ﬁdes
793 2892 848 2946 in
875 2891 1047 2945 Deum
1092 2888 1382 2958 plurimum
1427 2895 1630 2954 posset,
1660 2892 1716 2939 et
1762 2899 1869 2937 non
1914 2880 2207 2936 difﬁdentia

622 2980 967 3051 praevaleret.
999 2976 1133 3032 Fato
1153 2975 1307 3039 dicis,
1337 2972 1636 3042 impudens,
1663 2970 1842 3026 omnia
1870 2969 2022 3025 fieri?
2044 2968 2208 3024 Addis

2300 2079 2393 2149 qui
2431 2078 2558 2146 ligni
2595 2077 2831 2135 fomento
2880 2080 3131 2133 nutritur.
3175 2078 3358 2147 Ignem
3403 2078 3591 2134 colunt
3630 2079 3872 2149 pagani,

2302 2176 2505 2225 teterno
2534 2169 2655 2239 igne
2682 2168 2875 2223 arsuri.
2899 2168 3007 2224 Sed
3028 2168 3167 2224 forte
3195 2168 3400 2238 fulgura
3428 2168 3644 2224 colunt:
3668 2176 3731 2222 ut
3751 2168 3875 2237 quid

2303 2258 2405 2313 ista
2451 2258 2667 2314 colunt?
2715 2273 2823 2313 non
2870 2259 3013 2313 enim
3058 2258 3326 2324 motibus,
3368 2257 3465 2313 sed
3505 2258 3737 2329 imperio
3780 2257 3876 2313 Dei

2304 2356 2550 2417 aguntur,
2579 2348 2716 2403 sicut
2743 2347 2827 2403 sol
2852 2355 2908 2403 et
2933 2347 3082 2416 luna,
3111 2347 3303 2419 pluvia:
3334 2362 3487 2416 atque
3513 2356 3571 2402 et
3595 2348 3873 2403 stellarum

2304 2454 2508 2505 cursus,
2532 2447 2816 2495 ventorum
2842 2446 3019 2494 motus
3046 2446 3103 2493 et
3147 2439 3369 2495 nubium
3398 2438 3672 2493 transitus.
3702 2437 3873 2508 Spiri-

2305 2537 2419 2585 tum
2440 2542 2569 2598 ergo
2597 2530 2736 2584 aeris
2756 2537 2812 2584 et
2833 2536 3117 2584 ventorum
3146 2536 3488 2584 venerantur.
3516 2527 3624 2584 Sed
3658 2528 3759 2584 ista
3784 2542 3874 2599 ree

2304 2637 2424 2677 rum
2462 2621 2689 2676 Domino
2730 2620 3074 2687 famulantur,
3106 2622 3245 2677 sicut
3282 2621 3539 2691 scriptum
3589 2629 3691 2690 est,
3730 2608 3887 2691 ﬂabit

2304 2712 2516 2782 spiritus
2548 2711 2678 2782 ejus,
2710 2720 2760 2764 et
2793 2712 2958 2780 fluent
2984 2725 3131 2782 aqua:
3159 2710 3330 2781 (Psal.
3373 2711 3593 2780 cxnvn).
3672 2751 3687 2766 .
3762 2750 3779 2765 .
3853 2750 3873 2766 .

2302 2894 2459 2964 ignis,
2488 2891 2705 2963 grando,
2736 2893 2848 2959 nix,
2876 2894 3084 2964 glacies,
3124 2894 3334 2963 spiritus
3372 2893 3738 2967 procellarum,
3761 2910 3875 2967 qua

2309 2986 2508 3057 faciunt
2532 2985 2733 3039 verbum
2758 2986 2871 3055 ejus
2919 2985 3104 3057 (Ibid).
3146 2983 3348 3057 Cyrum
3387 2985 3662 3041 stellarum
3691 2986 3874 3042 colunt

622 3081 691 3129 set
740 3071 871 3126 nihil
914 3084 1138 3140 preces,
1179 3065 1314 3121 nihil
1364 3064 1634 3121 orationes
1676 3063 1891 3118 valere?
1936 3060 2205 3128 Quantum
2307 3076 2501 3145 pagani
2520 3075 2588 3131 ab
2608 3075 2812 3131 artiﬁce
2841 3075 2951 3131 οεο
2978 3076 3292 3145 perfectum,
3317 3077 3385 3132 ad
3411 3077 3595 3132 mundi
3623 3086 3873 3134 οηωωηι

637 3174 765 3218 vero
813 3174 1003 3231 preces
1041 3157 1129 3212 vel
1168 3156 1443 3212 orationes
1486 3152 1720 3209 fidelium
1766 3152 2011 3219 valeant,
2052 3165 2205 3206 sacra
2230 3145 2277 3207 C
2308 3164 2676 3221 discriminata
2722 3166 2917 3221 decore
2964 3167 3345 3236 compositum,
3395 3167 3601 3237 Aquam
3648 3168 3831 3223 colunt
3851 3210 3870 3237 ν

636 3251 875 3309 omnium
913 3249 1216 3306 divinorum
1237 3246 1568 3302 voluminum
1595 3251 1941 3299 monumenta
1971 3242 2203 3312 loquun-

636 3350 743 3411 tur,
773 3350 828 3397 et
854 3340 1159 3397 volentibus
1204 3352 1430 3394 noscere
1475 3335 1644 3391 facilis
1692 3334 1867 3390 aditus
1893 3333 2206 3390 conceditur

635 3432 704 3489 ad
741 3432 987 3488 salutem.
1032 3429 1173 3499 Ergo
1207 3444 1316 3484 non
1352 3428 1464 3482 lato
1508 3424 1796 3496 quidquam
1842 3425 2060 3495 geritur,
2108 3423 2205 3479 sed

624 3522 815 3580 omnia
848 3521 1067 3578 factoris
1095 3520 1279 3575 mundi
1308 3517 1649 3589 providentia
1676 3516 2059 3585 gubernantur.

702 3616 834 3670 Nam
863 3614 930 3670 de
957 3613 1136 3680 idolis,
1166 3612 1253 3667 vel
1281 3611 1348 3667 de
1375 3610 1673 3675 elementis,
1698 3622 1817 3679 qum
1842 3606 2034 3678 pagani
2059 3605 2202 3662 testi-

616 3713 781 3762 —mant
807 3705 956 3772 deos,
987 3704 1169 3759 audite
1193 3703 1451 3770 breviter,
1481 3703 1672 3756 fratres
1689 3742 1704 3768 ,
1732 3701 1947 3756 beatum
1971 3700 2203 3770 prophe-

633 3808 742 3853 tam
769 3805 1008 3852 nostrum
1038 3809 1274 3865 paganos
1302 3794 1433 3848 istos
1478 3792 1807 3847 deridentem
1840 3791 1907 3845 de
1948 3804 2202 3860 superva-

631 3888 747 3943 cuis
776 3901 982 3951 eorum,
1013 3893 1069 3938 et
1096 3884 1363 3938 dicentem
1394 3899 1407 3934 :
1434 3882 1587 3935 Idola
1608 3882 1832 3951 gentium
1859 3890 2124 3951 argentum
2150 3888 2201 3934 et

613 3991 812 4028 aurum
837 4015 854 4041 ,
896 3989 1023 4044 opus
1060 3987 1307 4025 manuum
1347 3971 1609 4024 hominum
1634 3985 1651 4023 :
1680 3986 1739 4023 os
1762 3969 1967 4033 habent,
2015 3978 2066 4023 et
2097 3986 2201 4023 non

611 4066 934 4135 loquuntur;
979 4062 1152 4118 oculos
1204 4060 1422 4129 habent,
1453 4070 1501 4115 et
1530 4073 1633 4114 non
1681 4058 1881 4125 vident;
1911 4075 2059 4114 aures
2107 4061 2201 4112 ha-

629 4154 765 4221 bent,
797 4161 844 4208 et
872 4169 974 4208 non
998 4151 1214 4206 audiunt
1234 4149 1406 4220 (Psal.
1428 4150 1665 4220 cxxxrv),
1688 4156 1744 4204 et
1768 4157 1960 4204 caetera
1988 4164 2106 4218 qua:
2126 4149 2199 4205 ibi

613 4252 943 4316 sequuntur.
982 4244 1258 4311 Interrogo
1304 4250 1381 4309 te,
1429 4256 1652 4312 pagane,
1678 4242 1724 4297 si
1753 4242 1884 4297 velis
1911 4242 2036 4297 talis
2079 4256 2199 4297 esse

628 4338 815 4408 quales
852 4337 926 4391 illi
954 4351 1089 4405 quos
1135 4334 1288 4401 colis,
1326 4334 1444 4389 sine
1480 4334 1676 4399 anima,
1702 4334 1819 4389 sine
1862 4349 2039 4399 sensu,
2082 4334 2198 4389 sine

629 4438 800 4496 motu,
832 4429 948 4485 sine
988 4428 1167 4497 aliquo
1196 4426 1343 4481 vitali
1371 4425 1665 4480 intellectu.
1715 4425 1829 4480 Hoc
1856 4438 1983 4493 ergo
2030 4425 2195 4480 male-

2306 3267 2425 3323 quae
2449 3253 2517 3308 ad
2544 3268 2697 3308 usum
2726 3269 2834 3308 non
2853 3254 3024 3309 solum
3052 3255 3346 3321 hominum,
3378 3255 3473 3311 sed
3500 3263 3558 3311 et
3594 3272 3869 3326 pecorum,

2306 3349 2361 3397 et
2388 3350 2701 3397 caeterarum
2745 3358 2927 3399 rerum
2973 3343 3218 3412 largitate
3259 3344 3530 3400 Creatoris
3562 3345 3868 3402 eﬂ‘unditur.

2306 3431 2487 3488 Solem
2515 3441 2570 3488 et
2597 3434 2775 3488 lunam
2819 3434 3033 3499 colunt,
3066 3450 3189 3489 cum
3218 3435 3492 3490 videamus
3522 3445 3579 3491 et
3612 3438 3871 3495 orientem

2303 3529 2360 3576 et
2385 3522 2716 3578 occidentem
2764 3524 2931 3578 solem
2976 3524 3055 3579 sic
3101 3539 3318 3580 currere
3348 3533 3406 3579 ut
3443 3526 3493 3581 ei
3523 3527 3869 3583 constitutum

2304 3620 2408 3668 est.
2450 3611 2601 3668 Unde
2644 3613 2958 3681 intelligitur
3004 3614 3271 3670 neminem
3309 3630 3470 3685 posse
3514 3616 3873 3673 indesinenter

2303 3716 2539 3768 currere,
2565 3711 2621 3758 et
2650 3704 2870 3759 servitio
2891 3719 2989 3760 suo
3012 3704 3275 3769 insistere,
3289 3706 3392 3760 nisi
3413 3706 3505 3774 qui
3530 3706 3627 3761 sub
3647 3705 3872 3761 Domino

2301 3794 2390 3859 sit,
2421 3803 2476 3848 et
2500 3795 2590 3864 qui
2619 3795 2813 3851 habeat
2839 3796 3210 3866 imperantem.
3235 3795 3366 3851 Nam
3405 3812 3581 3866 neque
3607 3797 3732 3851 luna
3750 3812 3871 3852 crc-

2302 3892 2540 3938 mentum
2580 3886 2664 3939 vel
2702 3885 3083 3941 detrimentum
3121 3893 3418 3956 pateretur,
3464 3887 3568 3943 nisi
3596 3886 3874 3942 voluntate

2301 3982 2357 4028 et
2384 3973 2606 4029 arbitrio
2634 3974 2971 4039 Conditoris;
3003 3983 3059 4030 et
3086 3975 3167 4030 sol
3192 3976 3238 4031 si
3280 3975 3335 4029 in
3363 3989 3457 4030 sua
3478 3983 3750 4047 potestate
3790 3990 3874 4029 es-

2304 4052 2717 4134 set,perpetua
2750 4064 2870 4120 luce
2898 4063 3125 4135 fulgeret
3198 4104 3214 4119 .
3292 4105 3306 4119 .
3384 4104 3398 4119 .
3476 4104 3490 4119 .
3572 4106 3587 4120 .
3664 4104 3680 4120 .
3757 4105 3772 4120 .
3849 4104 3871 4122 .

2303 4192 2318 4205 .
2397 4194 2411 4209 0
2488 4194 2503 4208 0
2581 4194 2595 4208 υ
2677 4194 2692 4209 0
2771 4195 2786 4209 0
2864 4195 2880 4211 0
2949 4196 2963 4209 0
3035 4196 3050 4211 0
3116 4195 3130 4209 0
3196 4197 3211 4211 0
3288 4196 3302 4210 ο
3384 4198 3397 4211 I
3475 4196 3491 4211 0
3579 4197 3595 4211 ο
3649 4197 3667 4213 0
3742 4197 3758 4212 0
3849 4197 3868 4213 ο

2297 4335 2561 4399 famulari,
2588 4343 2643 4390 et
2668 4335 2848 4391 stellas
2877 4351 3029 4391 suum
3059 4336 3301 4392 ordinem
3326 4337 3510 4408 sequi;
3537 4352 3687 4393 mare
3708 4338 3873 4393 etiam

2298 4426 2407 4481 suis
2436 4426 2627 4482 ﬁnibus
2655 4427 2937 4482 contineri.
2969 4426 3037 4482 Et
3066 4427 3184 4483 ideo
3224 4428 3423 4482 clamat
3458 4428 3725 4498 propheta
3752 4444 3875 4482 san-

626 4520 825 4576 dictum
853 4524 1039 4588 putas;
1065 4516 1250 4570 desine
1296 4515 1457 4583 igitur
1482 4514 1617 4570 tales
1657 4516 1834 4571 colere
1886 4531 2112 4585 quorum
2141 4524 2194 4571 te
2222 4506 2274 4566 D
2296 4517 2582 4584 ctissimus,
2600 4519 2781 4575 dicens
2807 4519 2873 4574 ad
2894 4518 3178 4574 Dominum
3200 4520 3365 4574 Deum
3390 4529 3635 4576 nostrum
3662 4539 3674 4573 :
3701 4520 3877 4584 Quam

626 4609 920 4668 similitudo
941 4607 1211 4673 sollicitat,
1240 4614 1297 4661 et
1332 4620 1560 4675 quorum
1606 4606 1779 4661 cultus
1826 4614 1878 4660 te
1924 4607 2191 4662 honestat.

624 4703 732 4759 Sed
753 4700 933 4757 dicunt
951 4700 1141 4771 pagani
1167 4716 1180 4752 :
1203 4697 1311 4753 Nos
1331 4696 1500 4752 solem
1521 4704 1576 4751 et
1596 4696 1895 4765 lunam,vel
1916 4698 2116 4763 stellas,
2141 4706 2196 4753 et

623 4795 875 4849 universa
921 4792 1187 4847 elementa
1226 4788 1452 4845 colimus
1500 4796 1554 4843 et
1599 4802 1946 4854 veneramur;
2000 4789 2194 4858 quibus

623 4884 815 4937 iterum
858 4881 1050 4935 dicitur
1099 4895 1114 4931 :
1175 4878 1310 4933 Vani
1355 4886 1523 4931 autem
1572 4888 1690 4931 sunt
1743 4894 1918 4932 omnes
1966 4878 2194 4932 homines

621 4974 801 5043 quibus
829 4990 932 5027 non
962 4970 1131 5025 subest
1158 4970 1373 5023 scientia
1401 4967 1520 5034 Dei,
1558 4978 1605 5022 et
1636 4969 1698 5021 de
1727 4969 1805 5021 his
1830 4984 1941 5038 qua:
1962 4969 2195 5023 videntur

623 5065 776 5127 bona,
798 5082 900 5119 non
941 5068 1212 5134 potuerunt
1254 5060 1535 5128 intelligere
1558 5075 1678 5111 eum
1704 5060 1788 5127 qui
1815 5067 1923 5123 est;
1953 5076 2043 5112 nec
2071 5074 2193 5129 ope-

621 5152 761 5206 ribus
806 5153 1140 5215 attendentes,
1184 5156 1494 5221 agnoverunt
1521 5148 1632 5218 quis
1677 5156 1809 5201 esset
1836 5150 2061 5218 artifex;
2103 5147 2192 5201 sed

622 5251 710 5296 aut
736 5243 921 5312 ignem,
948 5250 1034 5293 aut
1061 5243 1314 5310 spiritum,
1341 5245 1427 5292 aut
1454 5239 1663 5291 citatum
1682 5254 1873 5305 aerem,
1895 5247 1982 5290 aut
2008 5255 2187 5309 gyrum

621 5333 904 5395 stellarum,
929 5340 1017 5384 aut
1045 5333 1256 5385 nimiam
1292 5345 1499 5398 aquam,
1530 5338 1617 5382 aut
1655 5328 1835 5397 solem,
1866 5338 1953 5382 aut
1986 5329 2183 5397 lunam,

625 5426 639 5455 ¹
671 5431 793 5477 deos
813 5429 1113 5493 putaverunt
1139 5422 1290 5490 (Sap.
1322 5418 1468 5488 xm);
1492 5434 1720 5488 quorum
1747 5419 1792 5473 si
1819 5427 2039 5489 propter
2064 5435 2186 5490 spe-

617 5514 757 5572 ciem
786 5515 889 5569 lioc
913 5512 1307 5566 aestimaverunt
1326 5551 1341 5577 ,
1367 5511 1536 5565 sciant
1572 5518 1773 5579 quanto
1803 5509 1888 5565 his
1932 5508 2188 5567 Dominus

692 5693 705 5722 ⁸
749 5689 971 5759 Vulgata
1000 5684 1162 5743 addit.
1196 5694 1413 5739 rectores
1445 5684 1581 5737 orbis
1611 5694 1862 5740 terrarum
1894 5688 2037 5754 deos,
2061 5696 2164 5747 etC.

2294 4608 2628 4678 magniﬁcam
2668 4618 2789 4662 sunt
2811 4626 2967 4680 opera
3009 4618 3129 4677 tua,
3179 4608 3433 4664 Domine!
3477 4612 3656 4665 omnia
3685 4612 3741 4663 in
3778 4628 3875 4664 sa-

2294 4699 2489 4767 pientia
2528 4701 2726 4771 fecisti;
2766 4702 2959 4771 repleta
2994 4709 3070 4755 est
3127 4710 3265 4755 terra
3310 4710 3550 4756 creatura
3588 4711 3699 4756 tua.
3752 4702 3875 4756 Hoc

2288 4805 2438 4875 piare
2481 4806 2723 4860 magnum
2767 4799 2817 4845 et
2859 4793 3142 4859 spatiosum
3167 4834 3181 4859 ,
3211 4791 3316 4845 illic
3343 4791 3573 4861 repentia
3596 4832 3612 4857 ,
3655 4807 3875 4861 quorum

2295 4896 2398 4935 non
2426 4890 2501 4934 est
2529 4897 2799 4950 numerus,
2821 4883 3069 4936 animalia
3090 4883 3281 4953 pusilla
3301 4892 3350 4937 et
3368 4895 3561 4954 magna
3583 4882 3756 4954 (Psal.
3783 4884 3871 4952 ι).
3930 4882 3945 4895 ⁸

2296 4970 2454 5040 725
2476 4969 2572 5026 Hic
2599 4979 2682 5026 est
2706 4971 2963 5027 Dominus
2993 4973 3134 5028 Deus
3162 4982 3367 5038 noster,
3408 4975 3475 5028 de
3501 4989 3609 5041 quo
3649 4973 3876 5041 quidam

2292 5068 2597 5116 sanctorum
2627 5063 2841 5119 dicebat
2872 5082 2884 5116 :
2913 5064 3013 5129 Qui
3039 5064 3233 5120 coelum
3263 5066 3372 5119 alta
3399 5064 3726 5119 sublimitate
3750 5081 3874 5121 sus-

2303 5149 2507 5218 pendit,
2538 5160 2749 5207 terrena
2785 5152 2993 5222 dejecta
3023 5154 3165 5209 mole
3194 5154 3458 5219 solidavit,
3491 5156 3663 5208 maria
3690 5154 3877 5208 soluto

2294 5242 2498 5310 liquore
2523 5239 2731 5296 diffudit
2750 5285 2764 5309 ,
2797 5252 2851 5297 ct
2880 5244 2993 5297 haec
3022 5244 3203 5298 omnia
3248 5244 3482 5313 propriis
3509 5252 3564 5297 et
3585 5244 3883 5311 condignis

2293 5332 2660 5388 instrumentis
2687 5333 2844 5403 plena
2872 5341 2927 5388 et
2967 5344 3157 5389 ornata
3183 5334 3422 5402 digessit.
3454 5332 3590 5388 Cum
3634 5347 3763 5402 ergo
3789 5334 3882 5388 vi-

2292 5424 2437 5481 deris

2297 5557 2311 5570 ι
2394 5557 2407 5572 α
2486 5557 2501 5571 ο
2578 5556 2592 5571 ο
2672 5558 2686 5572 ο
2764 5559 2779 5574 ο
2858 5559 2871 5572 ι
2949 5557 2964 5572 ο
3043 5557 3060 5573 ο
3136 5557 3153 5573 ο
3232 5557 3249 5575 ο
3323 5555 3340 5573 ο
3425 5556 3443 5574 ο
3533 5556 3551 5573 ο
3632 5554 3657 5578 9
3739 5553 3757 5574 ο
3858 5554 3885 5576 0
