4138 6196
270 342 379 403 785

1270 339 1677 398 TRACTATUS
1712 341 1799 397 IV.
1841 341 2115 400 CONTRA
2153 344 2485 403 PAGANOS.

1955 548 2129 605 insula
2180 550 2346 606 habet
2390 550 2715 620 sepulcrum.
2758 591 2773 604 .
2821 590 2836 605 .
2877 551 3163 623 despectus
3186 526 3360 624 jacet:
3393 596 3407 612 .
3455 599 3467 611 .
3512 597 3525 612 .

1954 640 2099 695 unde
2140 638 2393 711 Virgilius
2440 640 2612 695 dixit:
2640 657 2751 697 ere.
2797 682 2810 696 .
2855 682 2869 696 .
2913 682 2927 696 .
2974 684 2987 697 .
3032 684 3044 697 .
3078 646 3246 699 medio
3266 647 3408 715 jacet
3449 648 3535 702 in-

1955 732 2090 785 sula.
2134 767 2203 786 ,ι
2249 772 2262 785 .
2308 772 2322 786 .
2366 772 2380 785 .
2424 770 2437 784 .
2483 771 2496 784 .
2543 773 2557 786 .
2601 772 2614 786 .
2661 773 2674 786 .
2718 772 2734 787 .
2779 733 2846 787 de
2874 734 3205 790 criminibus.
3249 777 3263 790 .
3308 777 3322 791 .
3365 776 3379 790 .
3411 737 3535 793 bre-

272 641 465 698 Colunt
490 638 666 696 adhuc
708 639 905 710 pagani
937 646 1171 707 montes,
1202 646 1259 695 et
1286 639 1540 709 arbores,
1573 648 1629 696 et
1656 640 1848 707 fontes,

273 739 326 789 et
358 730 601 799 flumina,
627 729 718 785 ubi
745 737 801 784 et
827 730 1014 797 boves,
1046 737 1102 784 et
1121 744 1270 794 oves,
1301 738 1357 784 et
1381 730 1643 786 universae
1669 730 1853 785 bestiae

273 829 580 895 pascuntur,
609 829 665 876 et
692 820 988 885 ambulant,
1021 827 1185 889 atque
1212 821 1482 876 labantur.
1511 821 1644 876 Nam
1686 823 1853 877 simu-

276 916 414 971 lacra
437 921 495 969 et
522 912 664 967 idola
711 926 899 966 eorum
927 910 1089 981 digno
1119 912 1327 965 honore
1353 912 1422 966 ab
1447 913 1660 966 araneis
1700 911 1855 966 obte-

274 1013 485 1074 guntur,
510 1010 567 1058 et
592 1016 625 1055 a
647 1000 805 1056 tineis
826 1001 911 1055 vel
929 1001 1202 1056 vermibus
1221 1000 1582 1070 perferantur,
1598 1008 1654 1056 et
1680 1016 1712 1055 a
1732 1016 1852 1055 mu-

275 1092 421 1148 ribus
466 1090 798 1155 habitantur,
828 1096 885 1144 et
912 1104 944 1143 a
972 1089 1173 1145 muscis
1219 1091 1635 1157 conculcantur;
1666 1105 1767 1145 nec
1794 1105 1854 1145 se

275 1185 342 1239 ab
385 1184 507 1253 igne
531 1182 620 1238 vel
649 1197 680 1236 a
708 1181 886 1251 pluvia
915 1180 1231 1249 defendunt,
1264 1198 1364 1237 nec
1387 1198 1417 1237 a
1444 1182 1741 1238 latronibus
1769 1182 1856 1237 vel

276 1276 476 1332 furibus
500 1273 790 1330 vindicant.
820 1273 891 1327 Et
910 1272 1033 1328 ideo
1061 1272 1119 1328 S.
1147 1273 1447 1346 Cyprianus
1472 1268 1537 1328 at]
1558 1274 1856 1329 Demetria-

278 1383 403 1423 num
424 1382 690 1437 paganum
711 1365 851 1421 bene
870 1364 1084 1420 dicebat
1107 1383 1119 1417 :
1146 1364 1352 1419 Pudeat
1373 1373 1421 1419 te
1439 1381 1526 1419 eos
1540 1366 1709 1419 colere
1727 1381 1853 1437 quos

275 1462 382 1524 ipse
410 1458 679 1531 defendis;
708 1457 901 1528 pudeat
929 1466 976 1510 te
1000 1456 1065 1511 de
1091 1457 1164 1511 eis
1194 1456 1447 1511 auxilium
1493 1471 1702 1526 sperare
1729 1471 1856 1527 quos

276 1553 451 1606 tueris.
478 1550 583 1604 Aut
608 1548 737 1618 quid
765 1547 908 1602 enim
930 1555 1186 1616 priestare
1213 1547 1512 1603 colentibus
1530 1560 1589 1601 se
1608 1552 1853 1616 possent,

277 1642 365 1713 qui
394 1657 454 1697 se
478 1640 547 1695 de
569 1655 676 1695 non
698 1639 999 1694 colentibus
1017 1638 1291 1693 vindicare
1312 1653 1423 1693 non
1443 1645 1697 1707 possunt;
1720 1638 1858 1693 sicut
1960 1676 1976 1691 .
2068 1677 2084 1692 .
2174 1677 2189 1693 .
2283 1677 2299 1693 .

1954 821 2095 876 viter
2115 830 2506 877 commemorat
2531 822 2714 877 dicens
2743 840 2756 875 :
2776 823 2797 854 ³
2818 822 3062 896 Iovisque
3080 834 3129 879 et
3148 842 3317 895 soror,
3341 836 3389 880 et
3409 844 3537 883 con—

1946 912 2068 982 jux,
2098 921 2147 966 et
2171 915 2331 983 rapti,
2350 914 2551 982 inquit,
2585 913 2901 985 Ganymedis
2930 916 3169 973 honores.
3206 916 3342 973 Vide
3372 934 3537 988 quam

1953 1002 2297 1058 exsecrabilis
2325 1004 2602 1060 habendus
2646 1004 2734 1071 sit,
2769 1005 2880 1059 imo
2900 1007 3079 1076 potius
3107 1022 3268 1076 quam
3296 1008 3536 1066 detesta-

1954 1092 2080 1149 bilis
2120 1094 2221 1149 iste
2249 1094 2475 1165 Jupiter,
2505 1095 2597 1164 qui
2626 1110 2870 1151 sororem
2909 1097 3143 1153 voluerit
3169 1099 3367 1154 habere
3394 1116 3535 1154 uxo-

1956 1199 2093 1250 rem,
2138 1192 2197 1239 ut
2224 1184 2291 1241 de
2318 1186 2528 1241 caeteris
2571 1185 2685 1254 ejus
2714 1186 3028 1242 criminibus
3057 1197 3349 1245 taceamus.
3393 1190 3537 1246 Proh

1954 1273 2137 1329 dolor!
2179 1288 2299 1343 qua:
2327 1274 2467 1330 inter
2492 1275 2740 1330 homines
2778 1281 2993 1331 sanctos
3030 1277 3298 1332 habentur
3325 1278 3539 1347 pietatis

1955 1365 2195 1433 nomina,
2219 1366 2365 1421 inter
2388 1365 2520 1421 deos
2540 1380 2875 1435 paganorum
2904 1365 3045 1422 facta
3071 1374 3198 1422 sunt
3218 1366 3360 1423 forda
3380 1368 3539 1423 sacri-

1954 1455 2115 1527 legia.
2140 1456 2276 1513 Nam
2304 1456 2373 1514 de
2418 1456 2589 1514 Marte
2612 1458 2740 1528 quid
2779 1458 2979 1527 dicam,
3010 1460 3106 1529 qui
3136 1460 3280 1531 apud
3308 1460 3541 1516 Thraces

1957 1557 3533 1607 natus................

2392 1679 2407 1694 0
2485 1679 2501 1693 0
2578 1679 2594 1693 0
2671 1680 2688 1696 0
2766 1680 2781 1696 0
2860 1681 2876 1698 ι
2955 1682 2971 1696 0
3046 1679 3065 1698 ο
3144 1681 3159 1697 0
3238 1682 3254 1697 0
3332 1682 3348 1697 0
3428 1682 3442 1696 ο
3517 1677 3539 1698 ο

278 1731 425 1787 enim
455 1728 522 1784 ad
545 1744 641 1784 eos
668 1743 775 1781 non
798 1727 1034 1796 pertinet
1060 1741 1169 1796 quo
1196 1726 1583 1793 coluntur;sic
1608 1740 1717 1780 non
1740 1740 1860 1781 sen-
1961 1765 1977 1781 .
2066 1767 2084 1782 .
2168 1767 2186 1784 .
2274 1769 2293 1784 .
2383 1769 2400 1784 .
2476 1768 2492 1784 .
2571 1769 2587 1784 .
2666 1769 2681 1786 .
2761 1770 2777 1784 .
2857 1770 2875 1788 .
2952 1771 2967 1787 .
3046 1773 3062 1788 .
3141 1772 3156 1787 .
3236 1773 3251 1788 .
3330 1773 3345 1789 .
3427 1774 3441 1789 .
3523 1775 3536 1788 .

278 1821 419 1875 tiunt
443 1833 552 1889 quo
580 1818 861 1872 laeduntur.
890 1814 999 1871 Sed
1020 1796 1977 1884 dicuntpagani:Nosdeosco-B.
2071 1858 2086 1873 .
2172 1858 2186 1873 .
2279 1856 2293 1872 .
2386 1857 2403 1875 .
2483 1859 2498 1874 .
2579 1858 2594 1875 .
2673 1860 2689 1876 .
2765 1861 2782 1877 .
2861 1861 2875 1877 .
2956 1861 2971 1877 .
3050 1862 3064 1877 .
3145 1863 3160 1878 .
3238 1863 3254 1878 .
3335 1864 3348 1877 .
3427 1864 3442 1878 .
3524 1864 3538 1878 .

277 1909 458 1978 limus,
486 1909 573 1964 vel
598 1908 726 1963 deas
752 1921 871 1976 qua:
912 1906 965 1961 in
1007 1906 1145 1961 emlo
1188 1906 1469 1961 habentur.
1500 1904 1705 1972 Quibus
1728 1905 1861 1961 dici-

279 2018 400 2057 mus
425 2020 443 2055 :
466 2001 525 2057 Si
545 1999 677 2055 deos
704 1998 826 2054 illos
852 1997 1031 2053 dicitis
1057 1997 1145 2052 vel
1173 1995 1352 2051 colitis
1387 2011 1525 2065 quos
1572 1996 1627 2051 in
1670 1996 1862 2050 vestris

279 2093 433 2148 libris
458 2091 704 2146 audimus
724 2089 975 2156 recitare,
999 2088 1049 2143 id
1069 2096 1156 2144 est
1178 2087 1709 2154 Saturnum,Jovem,
1732 2087 1866 2142 Mer-

279 2182 510 2249 curium,
524 2180 768 2245 Martem,
789 2179 1113 2250 Apollinem,
1130 2177 1448 2243 Vulcanum,
1486 2176 1861 2247 ZEsculapium

280 2283 614 2342 ceterosque
666 2273 1010 2337 innumeros;
1060 2280 1117 2325 et
1165 2271 1295 2327 deas
1349 2271 1531 2327 dicitis
1574 2270 1863 2340 Junonem,

280 2364 600 2430 Minervam,
622 2364 863 2430 Dianam,
889 2363 1164 2436 Cybelem,
1195 2363 1478 2431 Latonam,
1502 2365 1587 2419 vel
1612 2373 1861 2431 caeteras;

281 2470 417 2524 ergo
443 2455 490 2510 si
519 2470 706 2511 omnes
738 2455 860 2509 illos
887 2456 1063 2511 dicitis
1091 2455 1241 2520 deos,
1274 2472 1371 2510 cur
1390 2456 1597 2524 aliquos
1616 2456 1669 2510 in
1697 2455 1866 2511 stellis

285 2546 510 2615 ponitis,
525 2554 579 2601 et
600 2546 809 2614 aliquos
824 2562 931 2601 non
947 2547 1145 2616 ponitis
1157 2548 1179 2600 ?
1192 2546 1375 2603 Dicitis
1393 2547 1533 2601 enim
1554 2546 1862 2612 Saturnum,

282 2636 496 2704 Jovem,
525 2636 770 2703 Martem,
791 2639 877 2692 vel
901 2638 1225 2693 Mercurium
1248 2638 1301 2692 in
1327 2638 1467 2692 calo
1492 2652 1629 2703 esse,
1648 2645 1706 2691 et
1724 2637 1867 2707 Nep-

283 2737 499 2796 tunum,
543 2729 867 2798 Apollinem,
897 2730 1215 2795 Vulcanum,
1248 2729 1616 2799 Esculapiuin
1666 2736 1721 2783 et
1766 2742 1868 2783 ca:-

284 2824 437 2872 teros
465 2832 571 2871 non
602 2816 795 2871 dicitis.
846 2815 929 2870 An
956 2817 1097 2872 forte
1123 2817 1210 2873 isti
1258 2816 1457 2888 aliquid
1486 2824 1866 2887 peccaverunt,

286 2916 342 2964 et
372 2908 453 2962 illi
491 2908 622 2963 nihil
649 2916 1043 2977 peccaverunt,
1077 2909 1308 2978 ideoque
1335 2925 1595 2980 supernas
1620 2910 1871 2979 regiones

286 2998 529 3053 asseritis
556 2997 859 3068 possidere,
892 3015 1013 3054 cum
1043 3000 1213 3068 magis
1246 3009 1458 3056 constet
1482 3016 1688 3056 omnes.
1732 3041 1747 3056 .
1792 3043 1807 3056 .
1849 3040 1865 3055 .

288 3087 560 3154 homines,
590 3098 664 3144 et.
708 3128 724 3143 .
768 3129 782 3143 .
827 3130 841 3143 .
887 3128 901 3144 .
943 3131 961 3144 .
994 3091 1314 3146 hominibus.
1364 3090 1504 3147 Ecce
1543 3091 1867 3157 Saturnum,

288 3178 374 3234 vel
398 3175 617 3243 Jovem,
649 3178 874 3234 Martem
905 3179 1099 3247 etiam,
1132 3188 1187 3233 ct
1233 3178 1573 3242 Mercurium,
1604 3188 1738 3243 etc.,
1770 3195 1870 3234 ne-
1898 3156 1945 3219 Ο

288 3267 453 3322 fanda
499 3266 738 3325 facinora
764 3269 1098 3323 commisisse
1144 3269 1362 3325 scimus.
1403 3268 1592 3324 Nonne
1620 3269 1873 3336 Virgilius

293 3358 311 3389 ⁸
340 3366 526 3413 vester
569 3368 730 3429 poeta
766 3358 855 3413 ille
902 3359 1221 3429 praecipuus,
1251 3358 1404 3427 cujus
1430 3359 1666 3414 carmina
1685 3359 1874 3416 hodie-

289 3463 402 3519 que
425 3449 761 3504 veneramiu't
806 3449 886 3505 sic
912 3449 1111 3505 clamat
1138 3448 1205 3504 de
1231 3448 1465 3505 Saturno
1491 3449 1676 3506 dicens
1700 3468 1713 3504 :

419 3590 564 3653 Arma
588 3603 721 3652 Jovis
744 3603 959 3666 fugiens,
987 3610 1039 3654 et
1069 3605 1238 3667 regnis
1260 3603 1401 3655 exsul
1426 3604 1689 3667 ademptis;

290 3728 441 3785 unde
467 3738 523 3784 et
564 3729 772 3785 Latium
812 3731 881 3787 de
922 3731 1125 3786 latebra
1169 3731 1286 3801 ejus
1314 3748 1511 3788 nomen
1553 3733 1783 3804 accepit,
1810 3749 1877 3791 eo

290 3820 443 3889 quod
471 3820 711 3876 latuisset
758 3828 903 3877 tutus
943 3822 998 3876 in
1044 3822 1174 3889 oris,
1201 3822 1255 3877 id
1296 3830 1378 3878 est
1402 3822 1611 3893 fugiens
1636 3824 1691 3879 in
1716 3824 1879 3880 Italia:

290 3910 503 3969 ﬁnibus
520 3913 792 3980 latuisset;
820 3922 875 3968 et
895 3914 1086 3968 iterum
1111 3914 1188 3968 ait
1212 3932 1225 3967 :
1267 3916 1430 3986 726

425 4106 473 4137 .__.
500 4106 512 4118 .
539 4102 567 4137 ._
583 4106 595 4117 .
618 4068 784 4117 Fauno
806 4070 953 4137 Picus
975 4078 1140 4131 pater;
1160 4072 1338 4137 hisque
1355 4076 1618 4137 parentem
1731 4127 1738 4137 _

420 4130 514 4191 'l'e,
536 4130 766 4193 Saturne,
789 4133 958 4193 refert,
978 4130 1032 4181 tu
1054 4130 1303 4195 sanguinis
1321 4130 1519 4183 ultimus
1542 4140 1708 4185 auctor
1731 4130 1775 4183 ⁵.

290 4273 400 4331 Hic
420 4276 625 4332 litteras
652 4276 990 4347 imprimere,
1020 4285 1077 4333 et
1113 4278 1324 4346 signare
1350 4293 1601 4334 nummos
1641 4278 1694 4333 in
1732 4277 1881 4334 Italia

292 4368 506 4437 primus
532 4367 791 4431 instituit;
823 4366 947 4422 inde
990 4367 1239 4422 :erarium
1283 4367 1503 4422 Saturni
1544 4376 1798 4434 vocatur;
1829 4377 1884 4423 et

290 4458 620 4513 rusticitatis
657 4458 747 4512 hic
774 4458 951 4513 cultor
978 4458 1097 4523 fuit,
1129 4457 1253 4513 inde
1280 4458 1470 4513 falcem
1498 4458 1679 4516 ferens
1706 4460 1881 4529 pingi-

1962 1907 2203 1977 infernis,
2253 1908 2369 1966 sed.
2412 1950 2427 1965 .
2473 1950 2486 1965 .
2531 1950 2546 1965 .
2590 1951 2606 1965 .
2650 1949 2665 1966 .
2695 1910 2893 1967 dicitur
2916 1912 3212 1983 possidere.
3263 1912 3402 1984 Ergo
3446 1915 3546 1968 istc

1916 2051 1920 2056 .
1962 1998 2139 2054 nullas
2164 2000 2413 2069 proprias
2442 2000 2607 2057 habet
2638 2001 2810 2067 sedes,
2836 2002 2929 2059 sed
2952 2010 3027 2056 ut.
3065 2043 3079 2057 .
3115 2043 3129 2057 .
3163 2043 3177 2057 .
3208 2011 3264 2059 et
3284 2004 3445 2058 miser
3468 2004 3547 2058 iu~

1962 2089 2149 2157 certis,
2179 2098 2236 2145 et
2263 2090 2443 2146 nullis.
2478 2130 2493 2145 .
2529 2131 2542 2145 .
2579 2132 2593 2146 .
2629 2131 2643 2145 .
2676 2132 2688 2146 .
2724 2092 2940 2147 sedibus
2969 2093 3098 2148 fisus
3124 2107 3335 2161 semper
3364 2108 3451 2146 ex.
3481 2132 3494 2145 .
3529 2134 3542 2148 .

1964 2179 2085 2235 citis
2131 2179 2270 2235 filios
2300 2189 2355 2236 et
2400 2181 2535 2238 filias
2561 2183 2838 2250 genuisse,
2871 2183 3016 2251 quod
3045 2198 3153 2237 non
3202 2199 3267 2237 ex
3297 2183 3549 2251 legitimis

1965 2270 2185 2341 nuptiis,
2216 2270 2312 2325 sed
2356 2271 2423 2326 de
2453 2270 2696 2327 nefandis
2739 2272 2957 2327 incestis
3003 2281 3059 2327 et
3086 2272 3378 2337 adulteriis,
3410 2273 3549 2328 sicut

1966 2370 2023 2418 et
2050 2362 2289 2433 ipsinati
2310 2370 2465 2429 sunt;
2498 2364 2673 2419 adhuc
2699 2371 2878 2419 autem
2908 2380 3015 2419 non
3041 2366 3355 2421 erubescitis
3382 2374 3437 2421 et
3458 2381 3549 2423 so-

1967 2451 2074 2506 lem
2117 2451 2299 2507 dicere
2320 2480 2321 2483 η
2346 2451 2508 2506 filiam
2538 2453 2813 2518 habuisse,
2840 2460 2894 2509 et
2920 2454 3101 2510 lunam
3131 2470 3339 2510 amasse
3368 2455 3549 2527 Endy-

1968 2542 2224 2598 miouem.
2273 2541 2402 2609 Quis
2432 2542 2667 2598 fidelium
2697 2544 2766 2598 ad
2794 2552 2999 2599 tantam
3026 2545 3289 2599 insaniam
3317 2558 3550 2600 vestram

1968 2649 2077 2689 non
2104 2635 2399 2689 irascatur?
2427 2635 2558 2701 Quis
2583 2650 2681 2690 vos
2701 2635 2755 2689 in
2777 2636 2971 2691 talibus
3002 2644 3406 2705 perseverantes
3443 2650 3550 2689 non

1970 2725 2115 2780 omni
2138 2740 2295 2795 paena
2322 2725 2511 2794 dignos
2539 2727 2846 2781 existimet?
2866 2727 3006 2782 sicut
3025 2735 3078 2780 et
3105 2725 3393 2780 Saturnum
3419 2724 3551 2779 dici-

1972 2815 2041 2870 tis
2070 2816 2235 2871 filium
2263 2816 2408 2881 coeli,
2437 2825 2493 2872 et
2519 2816 2707 2873 Jovem
2737 2818 2853 2888 ejus
2901 2818 3067 2872 filium
3116 2818 3308 2872 iterUm
3353 2817 3549 2883 dicitis,

1973 2906 2060 2962 vel
2084 2908 2265 2977 potius
2292 2910 2592 2963 mentimini
2612 2905 2907 2965 Miuervain
2929 2926 2996 2963 ex
3015 2910 3192 2979 capite
3211 2909 3476 2976 genuisse.
3500 2949 3515 2964 .
3534 2948 3550 2963 .

1974 2996 2201 3066 femore,
2229 3007 2285 3055 et
2312 3000 2480 3055 inulta
2504 3000 2626 3054 alia.
2666 3040 2679 3054 .
2716 3040 2728 3053 .
2764 3041 2778 3053 .
2814 3042 2827 3055 .
2861 3041 2874 3054 .
2904 2999 3037 3053 Nam
3063 3000 3175 3054 dea:
3198 3009 3409 3054 vestrm.
3444 3038 3458 3052 .
3489 3038 3504 3052 .
3536 3037 3552 3053 .

1976 3088 2215 3144 asseritis
2259 3089 2586 3154 veneranda,
2618 3090 2967 3146 obscenitatis
2994 3090 3125 3144 vitio
3176 3089 3554 3155 continentur;

1975 3195 2044 3233 ex
2070 3180 2264 3247 quibus
2292 3194 2453 3233 unam
2480 3180 2649 3234 solam
2679 3180 2945 3235 Venerem
2974 3180 3149 3235 dicitis
3171 3194 3289 3233 esse
3316 3179 3366 3231 in
3397 3179 3555 3244 cosio,

1975 3277 2033 3324 et
2065 3269 2119 3323 in
2150 3269 2309 3324 astris
2360 3269 2579 3339 ponitis.
2612 3269 2635 3300 "
2662 3268 2773 3323 Cur
2800 3285 2909 3325 non
2958 3270 3276 3340 (interrogo)
3308 3279 3362 3324 et
3388 3270 3555 3324 Juno-

1975 3375 2122 3428 nem,
2152 3368 2209 3415 et
2234 3360 2546 3425 Minervam,
2577 3358 2665 3415 vel
2704 3359 2928 3414 Dianam
2945 3399 2960 3424 ,
2988 3358 3074 3415 vel
3117 3360 3556 3429 cacteras?727

1976 3451 2057 3505 An
2078 3451 2205 3520 quia
2226 3450 2491 3505 Venerem
2513 3449 2690 3505 dicitis
2710 3449 3029 3520 speciosam,
3052 3449 3173 3503 ideo
3194 3463 3314 3503 eam
3344 3448 3397 3501 in
3418 3447 3556 3502 (mlo

1977 3542 2221 3598 habitare
2261 3542 2592 3597 memoratis.
2628 3582 2643 3596 .
2676 3582 2690 3596 .
2726 3582 2742 3597 .
2776 3582 2791 3596 .
2822 3580 2836 3595 .
2868 3539 3128 3598 foeditatis
3156 3539 3384 3593 terrenis
3411 3537 3556 3595 sedi-

1977 3631 2078 3687 bus
2102 3631 2405 3701 deputatis?
2432 3631 2568 3697 Quid
2599 3631 2744 3685 illam
2770 3629 3286 3699 impudentissimam
3307 3626 3560 3681 feminam

1977 3724 2119 3779 inter
2136 3732 2219 3779 tot
2240 3724 2385 3779 viros
2403 3724 2576 3779 facitis
2596 3724 2650 3777 in
2672 3722 2829 3787 coelo,
2858 3720 2985 3790 quid
3005 3720 3106 3775 sibi
3121 3719 3390 3774 vindicat?
3412 3716 3559 3773 Uxor

1978 3822 2062 3871 est
2084 3814 2329 3884 alicujus,
2357 3830 2425 3869 an
2454 3824 2645 3879 mater,
2669 3828 2737 3867 an
2766 3827 2941 3877 soror,
2967 3826 3035 3865 an
3064 3810 3207 3865 ﬁlia?
3235 3807 3341 3862 Sed
3362 3808 3404 3862 si
3428 3806 3562 3861 nihil

1979 3909 2172 3966 horum
2213 3917 2313 3975 est,
2345 3916 2402 3963 et
2441 3914 2665 3978 propter
2705 3905 3157 3975 pulchritudinem
3204 3910 3409 3956 tantum
3441 3915 3562 3957 eam

1984 4002 2160 4057 dicitis
2187 4016 2304 4057 esse
2326 4002 2377 4055 in
2400 4001 2559 4065 coelo,
2581 4010 2701 4068 quae
2721 3998 2884 4053 fuerit
2903 3996 3209 4061 fornicaria,
3240 3993 3367 4049 vide
3401 4007 3563 4062 quam

1984 4090 2245 4146 nefarium
2274 4090 2342 4143 sit
2385 4089 2730 4142 criminosam
2760 4085 3211 4155 pulchritudinem
3239 4084 3419 4139 dicere
3447 4095 3567 4139 esse

1981 4180 2037 4234 in
2064 4180 2230 4243 caelo,
2262 4186 2318 4232 et
2363 4176 2655 4230 Minervam
2699 4189 2808 4228 non
2844 4173 3039 4240 dicitis,
3081 4187 3240 4240 quam
3270 4172 3444 4225 dicitis
3472 4185 3566 4224 ca-

1980 4278 2119 4325 stam
2158 4277 2214 4324 et
2254 4266 2583 4336 sapientem?
2612 4263 2849 4333 Apparet
2880 4277 2976 4317 vos
2996 4261 3120 4330 quia
3148 4259 3392 4314 carnales
3437 4256 3566 4311 estis

1982 4360 2164 4431 potius
2214 4374 2377 4428 quam
2425 4355 2713 4427 spiritales.
2792 4392 2807 4408 .
2886 4391 2901 4405 .
2980 4390 2994 4405 .
3075 4390 3089 4404 .
3168 4388 3183 4402 .
3262 4388 3276 4401 .
3359 4387 3373 4401 .
3450 4385 3465 4399 .
3544 4382 3561 4399 .

292 4558 408 4604 tur.
437 4548 559 4616 llic,
587 4564 708 4603 cum
738 4564 939 4605 vesano
960 4547 1142 4603 furore
1162 4557 1461 4619 raperetur,
1486 4547 1624 4605 ﬁlios
1651 4550 1877 4606 devora-
1908 4524 1959 4585 Ῐ)
1985 4585 2000 4601 .
2092 4586 2108 4600 .

288 4640 375 4694 vit
402 4654 559 4704 suos;
590 4640 683 4709 qui
724 4647 780 4695 et
809 4646 1000 4710 operto
1025 4640 1223 4709 capite,
1257 4654 1325 4694 ne
1372 4647 1775 4709 agnosceretur,
1800 4640 1879 4696 ef—

289 4729 433 4798 lugit
480 4736 536 4783 et
562 4728 637 4783 ita
666 4728 720 4783 in
747 4727 982 4782 delubris
1008 4728 1200 4783 vestris
1227 4727 1504 4784 formatur.
1558 4727 1745 4783 Jovem
1768 4729 1885 4798 ejus
1986 4762 2003 4779 .
2095 4764 2109 4777 .
2200 4762 2214 4776 .
2300 4761 2314 4774 -
2405 4761 2418 4774 ι
2510 4759 2523 4772 ο
2604 4760 2616 4772 ι
2698 4756 2713 4770 ι
2794 4756 2808 4769 -

290 4819 470 4874 filium
496 4834 527 4873 a
553 4826 728 4875 matre
774 4818 1124 4874 subtractum.
1204 4857 1220 4873 .
1299 4857 1315 4873 .
1392 4859 1407 4873 .
1487 4857 1502 4872 .
1580 4857 1597 4873 .
1676 4859 1690 4872 .
1770 4858 1784 4872 .
1866 4857 1882 4874 .

392 5196 411 5230 ⁸
432 5196 626 5246 Primus
647 5195 709 5244 ab
726 5195 948 5244 atthereo
968 5194 1102 5243 venit
1132 5192 1368 5243 Saturnus
1392 5192 1616 5256 Olympo,

422 5258 570 5307 Arma
592 5256 727 5306 Jovis
750 5257 965 5317 fugiens,
988 5262 1042 5305 et
1071 5259 1240 5315 regnis
1271 5254 1412 5303 exsul
1439 5254 1700 5317 ademptis,

424 5318 472 5379 ls
493 5330 652 5379 genus
675 5316 902 5379 indocile,
932 5331 988 5366 ac
1009 5317 1293 5379 dispersum
1308 5317 1552 5365 montibus
1576 5316 1687 5379 altis

422 5376 721 5439 Composuit,
745 5376 992 5440 legesque
1012 5376 1164 5437 dedit,
1192 5376 1485 5438 Latiumque
1510 5378 1668 5427 vocari

426 5440 615 5504 Maluit,
633 5441 708 5490 his
727 5439 1208 5504 quoniamla‘tuisset
1229 5444 1362 5487 tutus
1387 5439 1574 5504 inieris.

798 5498 993 5550 ΛΞηείά.
1019 5498 1101 5549 lib.
1128 5514 1228 5559 vni,
1252 5512 1379 5549 vers.
1399 5500 1510 5549 319.

377 5607 403 5639 ⁸
431 5605 575 5674 Virg.
604 5604 698 5661 lib.
728 5621 838 5671 vui,
868 5618 1007 5659 vers.
1042 5602 1129 5656 47.

434 5717 455 5748 ³
478 5715 565 5766 Ast
590 5729 703 5777 ego,
727 5727 837 5774 quae
852 5716 1011 5764 divum
1033 5714 1207 5763 incedo
1230 5716 1424 5776 regina,
1451 5713 1683 5775 Jovisque

432 5777 493 5832 Et
507 5790 645 5828 soror
668 5788 718 5829 et
736 5779 935 5840 conjux,
959 5789 1053 5827 una
1070 5788 1179 5826 cum
1202 5786 1356 5840 gente
1379 5784 1448 5827 tot
1467 5788 1620 5826 annos

1986 4812 2301 4880 religionem
2327 4826 2417 4879 qu.
2453 4847 2467 4862 .
2502 4849 2515 4862 .
2552 4847 2565 4859 .
2598 4846 2611 4859 .
2650 4848 2662 4861 .
2698 4845 2712 4859 .
2745 4820 2773 4859 a
2804 4805 2957 4865 vobis
2985 4802 3192 4872 antiqui
3220 4800 3311 4855 lib.
3348 4839 3362 4852 .
3398 4838 3413 4853 .
3448 4836 3461 4851 .
3496 4837 3510 4852 .
3548 4837 3562 4852 .

1987 4904 2188 4961 lumina
2233 4917 2357 4958 cum
2400 4901 2490 4955 bu.
2526 4939 2538 4952 .
2576 4940 2589 4954 .
2625 4938 2638 4953 .
2674 4939 2688 4952 .
2720 4937 2734 4951 .
2771 4936 2784 4951 .
2821 4938 2834 4952 .
2871 4937 2884 4950 .
2919 4895 3143 4967 picturis
3198 4900 3255 4948 et
3301 4892 3465 4962 signis
3513 4899 3570 4944 et

1989 4998 2124 5054 insa.
2159 5035 2172 5049 .
2208 5034 2222 5049 .
2259 5033 2272 5048 .
2309 5033 2323 5048 .
2354 4992 2545 5049 vestris
2582 4990 2779 5045 talibus
2825 4984 3187 5044 delcctamini.
3222 4985 3242 5016 "
3268 4982 3377 5039 Cur
3406 4980 3568 5037 hodie

2112 5192 2246 5243 Bella
2273 5191 2421 5250 gero!
2446 5188 2505 5237 Et
2527 5188 2781 5250 quisquam
2806 5196 2994 5250 numen
3018 5183 3221 5250 Juuonis
3241 5183 3415 5250 adoret

2114 5244 2384 5313 Prwte‘rea,
2412 5258 2494 5300 aut
2515 5244 2722 5311 supplex
2744 5248 2843 5313 aris
2862 5248 3070 5313 inpugnat
3093 5244 3364 5313 honori-ni?

2740 5304 2935 5357 Eneid.
2963 5304 3045 5355 lib.
3066 5319 3101 5365 ι,
3124 5317 3249 5354 virs.
3276 5304 3355 5353 50.

2062 5415 2083 5447 ⁸
2117 5415 2194 5470 Ex
2242 5431 2349 5485 quo
2392 5412 2899 5485 originem__ducant
2926 5410 3042 5464 haec
3086 5408 3313 5463 deorum
3354 5405 3574 5460 nomina

1991 5486 2190 5542 Cicero
2214 5478 2371 5539 tradit
2394 5478 2549 5538 libfu
2571 5483 2637 5536 de
2666 5481 2787 5534 Nat.
2815 5478 3058 5534 deorum.

2070 5559 2089 5587 δ
2119 5555 2195 5608 Ex
2245 5554 2446 5608 Gnecia
2478 5554 2529 5606 in
2559 5552 2761 5605 Italiam
2794 5548 2905 5603 ludi
2953 5548 3152 5603 scenici
3198 5546 3428 5615 primum
3444 5552 3571 5615 _tra-

2001 5626 2147 5679 ducti
2175 5632 2318 5679 sunt.
2344 5625 2399 5676 S.
2426 5622 2647 5690 August.
2672 5622 2738 5675 de
2768 5619 2926 5675 Civit.
2957 5619 3051 5673 Dei
3076 5619 3165 5671 lib.
3199 5613 3252 5679 il,
3285 5630 3403 5690 cap.
3436 5613 3490 5675 8,
3518 5622 3572 5664 ut

2002 5696 2276 5749 Romanos
2315 5689 2541 5761 gentiles
2577 5693 2644 5747 de
2691 5706 2877 5745 eorum
2924 5690 3164 5761 caecitate
3209 5689 3570 5761 convinceret,

1996 5766 2193 5832 probat
2240 5753 2387 5833 ipsos
2438 5781 2546 5820 non
2574 5774 2849 5819 sacrorum
2890 5759 3193 5823 sanctitate,
3224 5753 3317 5809 sed
3357 5762 3574 5808 suarum

3566 524 3577 551 τ
3588 514 3591 517 η

3568 558 3575 574 ἰ
