4138 6196
549 339 648 396 787

1754 325 1810 380 s.
1851 318 2094 377 nAxnn
2132 315 2580 372 numunusrs
3017 296 3030 311 ’
3696 308 3781 368 788

550 469 667 526 quae
691 454 746 507 in
773 449 999 506 theatris
1023 446 1089 502 ad
1109 442 1521 500 acclamationes
1548 431 2124 526 vcstrasimpurissimi
2151 430 2204 491 A
2227 429 2355 526 quid
2375 429 2480 526 1ιὶοΔ
2493 428 2656 481 fatum
2897 425 3081 526 potuit
3093 440 3116 526 ἰ
3148 422 3387 526 nunquid
3408 433 3598 526 omnes
3625 423 3678 526 in
3706 424 3787 482 illo

551 525 838 601 histriones
864 537 1171 608 exprimunt
1197 534 1366 604 ipsam
1407 529 1728 601 impudicam
1758 525 2022 581 Venerem
2068 527 2125 577 et

553 633 848 689 adulterum
873 627 1117 690 Martem,
1148 623 1334 679 Jovem
1363 621 1510 675 illum
1536 617 1834 690 principem
1872 614 2126 668 vitiorum

555 725 609 778 in
633 731 874 778 terrenos
895 730 1107 771 amores
1135 729 1258 770 eum
1279 712 1389 768 suis
1408 709 1733 770 fulminibus,
1761 705 1814 760 id
1833 711 1915 760 est
1937 702 2128 771 magiis

555 815 891 868 immutatum
939 808 1242 870 albescere;
1274 818 1419 858 nunc
1463 815 1628 856 aureo
1675 798 1844 853 imbre
1894 793 2130 850 deﬂuere

567 1303 581 1315 ο
673 1299 688 1316 ο
779 1300 792 1312 ο
883 1297 898 1310 ο
989 1297 1003 1313 ο
1083 1295 1096 1309 ο
1175 1294 1188 1309 ο
1268 1293 1283 1306 ο
1365 1294 1378 1306 ο
1456 1291 1470 1305 ο
1554 1291 1568 1306 ο
1649 1291 1662 1304 ο
1743 1290 1758 1304 ο
1837 1289 1852 1303 ο
1928 1289 1941 1302 ο
2021 1287 2036 1302 ο
2119 1289 2133 1302 ι

563 1349 866 1420 Quicunque
890 1347 1027 1401 enim
1056 1345 1168 1399 sine
1195 1343 1305 1414 lege
1331 1349 1695 1413 peccaverunt,
1725 1341 1836 1395 sine
1861 1341 1971 1410 lege
1997 1341 2136 1410 peri-

564 1442 707 1505 bunt,
739 1446 787 1492 et
807 1437 1090 1509 quicunque
1110 1435 1164 1487 in
1193 1433 1301 1504 lege
1322 1440 1676 1504 peccaverunt,
1700 1447 1791 1501 per
1813 1430 1976 1502 legem
1994 1429 2140 1499 judi-

2225 519 2426 574 diluvio
2455 517 2622 572 fatum
2650 515 2878 582 occidit,
2901 522 2992 569 aut
3021 513 3107 568 isti
3129 514 3221 569 uni
3242 513 3409 568 fatum
3436 514 3604 567 vitam
3630 515 3787 570 dona-

2225 612 2342 666 vit?
2367 614 2382 644 ¹
2412 610 2469 666 Si
2498 624 2686 665 omnes
2728 606 2890 660 fatum
2913 604 3130 674 occidit,
3175 619 3270 660 cur
3308 619 3417 660 non
3445 612 3502 659 et
3529 604 3723 660 istum?
3749 607 3791 661 si

2227 704 2352 759 huic
2377 703 2547 758 fatum
2587 702 2754 756 vitam
2780 698 3018 765 donavit,
3048 713 3146 753 cur
3171 712 3279 752 non
3306 705 3362 752 et
3382 697 3672 752 omnibus?
3697 697 3794 753 Sed

2227 810 2357 851 vere
2401 795 2572 850 virtus
2616 800 2672 848 et
2698 791 2938 862 potentia
2989 789 3377 860 omnipotentis
3402 789 3499 844 Dei
3527 788 3645 844 haec
3691 789 3797 843 sine

2229 886 2393 942 dubio
2422 884 2571 949 fecit,
2603 883 2696 953 qui
2733 881 3103 953 pervicacibus
3129 889 3187 936 et
3212 880 3681 936 contemnentibus
3704 880 3797 934 tri-

2229 979 2347 1034 buit
2372 993 2578 1048 pinnas,
2603 983 2658 1032 et
2676 975 2836 1046 justis
2865 981 2920 1030 et
2947 988 3043 1028 sua
3063 980 3329 1043 praecepta
3356 973 3696 1029 servantibus
3718 989 3798 1029 sa-

2233 1071 3796 1126 lutem...............

567 1529 818 1585 “buntur
856 1525 1032 1597 (Rom.
1066 1525 1161 1594 n);
1206 1530 1262 1577 et
1308 1537 1415 1576 non
1443 1521 1766 1578 erubescunt
1806 1519 2011 1596 pagani
2059 1524 2143 1573 tot
2239 1523 2414 1579 dicam
2442 1521 2589 1591 quia
2614 1520 2873 1588 magistro
2893 1518 3079 1590 Moyse
3105 1519 3252 1576 nullo
3277 1520 3489 1576 virtutis
3516 1521 3710 1575 merito
3727 1520 3816 1576 de-

567 1620 699 1674 deos
721 1625 775 1672 et
802 1616 930 1670 deas
959 1602 1158 1680 dicere,
1188 1601 1476 1667 Saturnum
1497 1610 1745 1690 genuisse
1771 1617 1826 1663 et
1851 1607 2039 1663 Jovem
2055 1607 2143 1664 vel
2241 1626 2528 1682 generasse
2556 1609 2920 1680 cognoscitur,
2947 1609 3146 1678 quique
3173 1609 3240 1664 ad
3275 1609 3650 1664 debellandam
3675 1609 3804 1666 Jeri-

568 1719 810 1768 cmteros.
844 1701 949 1762 Sed
969 1705 1015 1759 si
1044 1693 1170 1759 tunc
1196 1705 1307 1756 nati
1334 1708 1457 1757 sunt
1483 1701 1590 1766 dii,
1619 1716 1716 1755 cur
1742 1715 1851 1754 non
1879 1698 2144 1766 hodieque
2244 1708 2347 1762 eho
2387 1704 2656 1760 civitatem
2701 1700 2995 1772 profectus,
3046 1701 3296 1770 precibus
3323 1703 3486 1772 729
3511 1701 3644 1767 suis,
3673 1699 3816 1756 velut

570 1800 896 1857 nascuntur?
926 1797 1028 1850 nisi
1073 1794 1232 1862 forte,
1263 1802 1321 1848 ut
1348 1794 1541 1847 iterum
1587 1799 1803 1847 sanctus
1846 1789 2148 1863 Cyprianus
2175 1780 2223 1841 Β
2248 1795 2480 1866 quodam
2533 1793 2776 1859 fulmine,
2817 1791 3032 1846 Iericho
3059 1805 3242 1845 muros
3268 1791 3387 1846 sine
3411 1806 3563 1846 mora
3590 1790 3809 1860 deiecit,

570 1894 803 1957 dicebat,
833 1897 925 1944 aut
946 1879 1154 1957 Jupiter
1195 1886 1393 1954 senuit,
1418 1893 1511 1940 aut
1532 1893 1716 1955 partus
1743 1885 1796 1937 in
1818 1881 2028 1938 Junone
2053 1882 2148 1937 de-

572 1986 718 2042 fecit.
758 1985 891 2040 item
915 1982 1109 2054 pagani
1136 1982 1346 2060 volatus
1371 1981 1550 2035 avium
1591 1980 1881 2036 observant
1905 1986 1961 2034 et
1987 1992 2148 2034 voces

574 2093 858 2134 corvorum
903 2075 989 2132 vel
1026 2073 1439 2134 cornicularum,
1468 2080 1526 2127 et
1552 2072 1605 2126 in
1637 2070 1800 2125 libris.
1837 2111 1850 2125 .
1885 2111 1899 2126 .
1934 2110 1947 2124 .
1983 2110 2000 2125 .
2033 2108 2048 2125 .
2083 2109 2097 2124 .
2130 2109 2146 2124 .

577 2413 814 2499 tionibus
842 2439 958 2492 in..
993 2478 1008 2492 .
1039 2476 1054 2491 .
1085 2475 1100 2490 .
1136 2473 1150 2488 .
1185 2473 1200 2490 .
1231 2473 1247 2488 .
1279 2434 1497 2504 quirunt
1523 2433 1617 2488 sed
1644 2433 1753 2487 din.
1790 2472 1804 2486 .
1839 2471 1854 2487 .
1886 2471 1902 2486 .
1937 2471 1951 2487 .
1986 2470 2001 2486 .
2034 2469 2050 2484 .
2084 2470 2099 2486 .
2132 2473 2146 2486 .

580 2545 702 2583 mus
726 2526 868 2600 quod
897 2541 1078 2583 caver.
1114 2563 1128 2578 .
1160 2563 1176 2579 .
1209 2563 1224 2578 .
1260 2563 1274 2578 .
1309 2563 1324 2580 .
1358 2563 1372 2576 .
1407 2562 1423 2578 .
1456 2563 1472 2578 .
1502 2523 1776 2594 praeterire
1804 2536 1905 2577 nec
1928 2537 2006 2578 es.
2041 2561 2056 2577 .
2087 2560 2102 2576 .
2134 2561 2149 2577 .

580 2633 686 2689 qua
715 2617 995 2672 imminent
1020 2615 1090 2669 vi.
1122 2655 1137 2672 .
1172 2653 1187 2667 .
1224 2653 1236 2667 .
1271 2653 1285 2668 .
1321 2653 1336 2668 .
1364 2613 1584 2679 clinare,
1614 2613 1807 2682 quibus
1830 2611 2086 2679 dicimus;
2107 2612 2154 2667 si

582 2723 712 2777 ergo
725 2707 889 2784 738
903 2704 1060 2762 vitari
1081 2705 1304 2774 possunt
1323 2717 1417 2773 per
1433 2702 1824 2758 observantiam
1841 2717 1958 2771 qua:
1977 2701 2154 2757 futura

583 2807 725 2860 sunt,
753 2796 862 2866 jam
892 2810 1019 2865 ergo
1046 2809 1154 2850 non
1180 2793 1278 2849 sub
1301 2793 1394 2847 fati
1416 2801 1559 2848 sorte
1587 2793 1762 2862 agitur
1786 2793 1946 2847 homo
1972 2801 2027 2847 et
2057 2793 2155 2846 im-

583 2886 796 2942 mobilis
840 2883 1060 2948 decreti,
1091 2883 1182 2952 qui
1211 2883 1430 2937 arbitrio
1455 2897 1552 2937 suo
1603 2890 1659 2936 et
1702 2882 1911 2936 cautela
1959 2881 2157 2951 poterit

584 2975 854 3032 declinare
877 2972 1020 3043 quod
1067 2973 1326 3027 imminet.
1373 2971 1479 3025 Sed
1506 2972 1725 3026 dicunt:
1758 2971 1873 3026 Non
1901 2978 2156 3041 poterunt

585 3065 861 3121 declinari.
892 3063 1136 3122 Dicamus
1171 3061 1237 3116 ad
1266 3077 1360 3116 eos
1380 3061 1571 3116 iterum
1598 3079 1611 3114 :
1640 3059 1748 3114 Cur
1775 3074 1902 3129 ergo
1930 3061 2154 3131 inquiri-

2247 1895 2304 1945 et
2329 1901 2499 1956 usque
2526 1885 2592 1940 ad
2640 1885 2984 1939 fundamenta
3009 1882 3330 1952 prostravit;
3361 1882 3454 1952 qui
3487 1883 3655 1938 etiam
3694 1882 3813 1938 solis

2247 1979 2591 2035 citatissimos
2612 1990 2798 2032 cursus
2825 1989 2986 2044 supra
3013 1971 3237 2029 Gabaon
3262 1973 3468 2029 orando
3507 1973 3685 2029 tenuit
3707 1972 3814 2044 (lo-

2247 2085 2338 2124 sue
2363 2067 2442 2140 ι),
2473 2075 2528 2121 et
2556 2067 2695 2120 luna:
2736 2065 2850 2119 vias
2894 2079 3055 2134 supra
3098 2063 3411 2134 phalanges,
3454 2078 3553 2122 sua
3599 2061 3810 2119 interdi-

2248 2159 2428 2217 ctione
2446 2156 2780 2226 compressit,
2803 2169 3082 2225 usquequo
3103 2170 3288 2212 omnes
3307 2154 3646 2210 adversarios
3666 2169 3815 2224 supe-

2249 2257 2414 2310 raret.
2437 2248 2575 2315 Quid
2593 2248 2660 2303 de
2676 2246 2790 2301 Elia
2814 2246 3152 2302 sanctissimo
3165 2247 3362 2314 dicam,
3383 2246 3475 2315 qui
3497 2246 3694 2300 merito
3703 2245 3816 2300 ﬁdei

2250 2343 2456 2398 clavem
2505 2339 2750 2394 imbrium
2793 2337 3038 2406 gestabat
3065 2337 3119 2391 in
3146 2337 3326 2404 labiis,
3357 2336 3425 2393 de
3451 2352 3557 2407 qua
3584 2336 3816 2392 clausum

2256 2795 2637 2866 naufragorum
2667 2795 2734 2850 ab
2763 2794 3018 2864 opinione
3061 2809 3169 2851 non
3208 2794 3444 2861 destitit;
3487 2791 3546 2850 ei.
3573 2802 3744 2850 totum
3791 2809 3822 2849 a

2255 2885 2481 2940 Domino
2508 2884 2764 2954 quidquid
2809 2885 3102 2955 postulavit
3143 2886 3370 2956 accepit,
3412 2893 3466 2941 ct
3492 2885 3643 2941 velut
3683 2886 3827 2942 navis

2257 2975 2429 3031 ﬁdelis
2457 2976 2548 3030 illa
2575 2976 2723 3030 salva
2765 2974 2883 3042 fuit,
2914 2984 2968 3030 et
2995 2976 3308 3046 perductum
3352 2976 3421 3031 ad
3463 2978 3654 3047 ripam,
3695 2978 3828 3033 sicut

2257 3075 2555 3139 acceperat,
2581 3068 2844 3136 integrum
2873 3068 3294 3138 repra'sentavit.
3317 3067 3516 3125 Omnes
3534 3070 3697 3124 etiam
3716 3085 3829 3124 san-

581 3157 688 3212 ‘tis?
708 3170 802 3213 cur
821 3153 1014 3208 frustra
1032 3151 1292 3207 sacriﬁcia
1314 3150 1628 3208 celebratis?
1647 3166 1742 3206 cur
1761 3165 1922 3206 voces
1942 3151 2153 3204 avium?
2181 3135 2225 3198 Ο
2259 3159 2333 3213 cu
2371 3135 2648 3229 ιςι-οριιοιω
2685 3135 2878 3212 merito
2927 3135 3050 3213 ﬁdei
3075 3172 3206 3225 sum,
3237 3165 3297 3212 ιιι
3341 3158 3593 3225 diximus,
3640 3157 3831 3213 multas

589 3243 1222 3300 curvolatusattenditis.
1302 3281 1314 3294 .
1396 3283 1409 3297 .
1487 3282 1502 3297 .
1581 3281 1595 3294 .
1673 3281 1686 3293 .
1766 3281 1778 3293 .
1861 3281 1873 3295 .
1955 3281 1966 3294 .
2046 3282 2059 3296 .
2139 3280 2154 3297 .

589 3607 928 3676 ingemueris.
965 3646 979 3661 .
1014 3646 1028 3660 .
1061 3645 1074 3660 .
1110 3645 1124 3660 .
1155 3604 1249 3660 Vis
1285 3603 1421 3660 scire
1440 3611 1698 3672 quantum
1717 3617 1904 3673 preces
1923 3603 2158 3672 valeant,

591 3705 848 3767 quantum
876 3696 1124 3767 placeant
1163 3694 1392 3750 Domino
1420 3693 1532 3748 Deo
1570 3695 1844 3750 orationes
1888 3693 2156 3759 ﬁdelium;

592 3787 801 3857 inquire
830 3788 883 3842 in
912 3787 1061 3844 libris
1086 3785 1302 3853 nostris,
1334 3787 1387 3840 in
1415 3785 1562 3840 libris
1608 3785 1752 3840 clara
1781 3787 2006 3841 veritate
2035 3802 2160 3856 pcr-

592 3878 820 3948 spicuis;
849 3878 1056 3944 inquire
1076 3876 1144 3929 de
1168 3875 1302 3939 Noe,
1329 3876 1535 3944 inquire
1555 3875 1620 3929 de
1634 3875 1835 3945 Moyse,
1867 3876 2075 3945 inquire
2097 3877 2163 3932 de

594 3966 721 4021 Jesu
741 3966 848 4019 lilio
877 3964 1044 4033 Nave,
1066 3964 1276 4032 inquire
1303 3963 1369 4017 de
1397 3963 1512 4016 Elia
1542 3965 1626 4018 vel
1653 3963 1850 4028 Eliseo,
1868 3967 2077 4034 inquire
2095 3966 2164 4022 de

595 4055 730 4111 Jona
758 4055 842 4111 vel
868 4056 1074 4109 caeteris
1098 4055 1294 4110 sanctis
1322 4055 1601 4124 prophetis
1628 4063 1684 4110 et
1709 4056 1880 4111 beatis
1908 4059 2164 4128 apostolis

598 4145 795 4202 Christi
817 4144 1112 4214 discipulis,
1141 4144 1331 4214 quibus
1359 4151 1530 4198 totum
1555 4144 1810 4202 Dominus
1839 4146 1984 4202 dedit
2005 4147 2163 4216 quid-

596 4239 723 4312 quid
748 4254 933 4294 eorum
963 4239 1136 4294 ﬁdelis
1164 4239 1336 4295 oratio
1363 4239 1685 4310 postulavit;
1715 4239 1839 4296 inde
1866 4244 1994 4310 ergo
2018 4243 2166 4297 inve-

598 4333 717 4388 nies
761 4338 960 4401 quanta
986 4346 1016 4384 a
1045 4337 1099 4385 te
1124 4337 1378 4410 poterunt
1422 4330 1716 4401 impetrari.
1750 4369 1764 4384 .
1802 4372 1817 4387 .
1853 4372 1866 4386 .
1900 4371 1915 4386 .
1950 4372 1965 4388 .
1999 4373 2014 4386 .
2049 4372 2064 4387 .
2098 4372 2113 4386 .
2149 4372 2164 4388 .

598 4435 723 4492 que.
759 4459 774 4473 .
812 4460 823 4474 .
859 4459 872 4473 .
907 4459 923 4476 .
957 4459 971 4474 .
1003 4459 1018 4473 .
1051 4459 1065 4472 .
1100 4459 1114 4478 .
1146 4419 1298 4474 iloto.
1331 4459 1346 4473 .
1377 4458 1391 4472 .
1427 4458 1443 4473 .
1479 4459 1492 4473 .
1527 4458 1538 4473 .
1575 4459 1590 4474 .
1623 4420 1897 4490 naufragio
1927 4423 2066 4478 inter
2086 4421 2168 4476 fu-

599 4517 782 4566 rentes
829 4509 999 4567 undas
1053 4517 1109 4564 et
1154 4510 1428 4579 strepitus.
1461 4548 1475 4562 .
1510 4548 1524 4563 .
1559 4549 1574 4564 .
1609 4549 1623 4564 .
1655 4511 1950 4566 ludentium
2004 4515 2166 4590 etiam
2196 4501 2244 4559 Ῑ)

602 4600 839 4669 undique
865 4598 1239 4668 procellarum,
1271 4613 1367 4669 per
1392 4600 1576 4654 maris.
1612 4640 1625 4653 .
1661 4640 1676 4655 .
1708 4601 2014 4660 discrimina
2043 4619 2168 4674 per-

601 4688 982 4746 excellentium
1017 4703 1275 4758 aquarum
1302 4689 1586 4744 metuenda
1615 4692 1889 4746 cacumina
1910 4693 2076 4751 fretus
2103 4696 2170 4752 de

602 4779 815 4834 Domini
839 4777 1039 4848 pietate
1059 4777 1281 4834 feliciter
1304 4779 1556 4847 evaserit,
1589 4820 1603 4833 .
1639 4821 1653 4834 .
1688 4821 1702 4836 .
1732 4821 1746 4836 .
1773 4785 1970 4854 quique
1995 4788 2170 4856 preci-

603 4869 704 4926 bus
731 4869 862 4926 fusis
889 4869 954 4924 ad
984 4869 1263 4926 Dominum
1289 4871 1544 4926 meruerit
1572 4872 1882 4941 incolumis,
1914 4893 2036 4932 cum
2063 4880 2174 4936 suis

607 4963 853 5017 omnibus
879 4960 1160 5026 reservari,
1191 4969 1251 5016 ut
1277 4953 1560 5017 miraretur
1604 4969 1659 5018 et
1706 4965 1819 5034 ipsa
1861 4976 2168 5038 tempestas,

609 5051 858 5104 omnibus
877 5052 1073 5120 ubique
1102 5052 1468 5122 pereuntibus,
1494 5068 1654 5106 unum
1677 5055 2017 5114 solummodo
2051 5077 2172 5115 cum

608 5137 718 5194 suis
745 5142 1081 5208 superstitem
1110 5143 1361 5198 evasisse.
1394 5141 1583 5197 Dicant
1621 5147 1834 5214 pagani,
1861 5149 1902 5202 si
1931 5161 2172 5220 possunt,

608 5343 997 5417 turpitudinum
1051 5344 1285 5401 editione
1333 5344 1722 5417 deosplacare
1771 5346 2022 5402 voluisse.
2056 5349 2174 5406 Hoc

609 5415 745 5479 dico,
768 5415 1172 5485 quodnegantes
1193 5417 1444 5470 convincit
1470 5416 1703 5477 historia,
1729 5417 1930 5470 eosdem
1957 5418 2076 5472 illos
2096 5420 2175 5473 lu-

609 5488 702 5539 dos
731 5484 786 5537 in
813 5484 1235 5555 quibus’regnant
1262 5487 1505 5554 figmenta
1533 5493 1816 5554 poetarum,
1841 5503 1941 5540 non
1964 5505 2054 5555 per
2077 5491 2176 5543 im-

609 5553 831 5623 peritum
871 5553 1163 5621 obsequium
1206 5557 1366 5607 sacris
1415 5553 1622 5607 deorum
1675 5572 1883 5608 suorum
1941 5553 2175 5612 intulisse

614 5623 891 5689 Romanos,
917 5622 1004 5677 sed
1025 5624 1161 5692 ipsos
1189 5623 1329 5684 deos,
1360 5633 1414 5674 ut
1440 5623 1536 5676 sibi
1563 5625 1854 5678 solemniter
1881 5627 2172 5692 ederentur,

607 5703 659 5746 et
711 5695 891 5749 honori
941 5708 1033 5747 suo
1081 5701 1498 5746 consecrarentur
1551 5695 1728 5747 acerbe
1769 5697 2096 5764 imperando,
2124 5709 2172 5753 et

2260 3247 2488 3302 virtutes
2515 3255 2571 3302 et
2598 3245 2765 3300 multa
2809 3246 3073 3300 mirabilia
3099 3246 3461 3317 perfecerunt.
3492 3245 3646 3301 Beati
3673 3248 3830 3302 etiam

2260 3340 2490 3410 apostoli
2517 3345 2574 3394 et
2592 3335 2895 3394 confraetos
2924 3336 3124 3392 viribus
3151 3338 3525 3403 restituebaut,
3568 3347 3626 3393 et
3645 3339 3777 3393 nihil
3801 3353 3830 3391 a

2260 3432 2370 3486 fato
2396 3430 2670 3502 petebant,
2702 3435 2758 3482 et
2785 3426 3026 3482 inﬁrmos
3053 3428 3330 3494 curabant,
3365 3435 3422 3482 et
3457 3435 3702 3483 mortuos
3739 3443 3832 3484 su-

2260 3523 2554 3586 scitabant;
2585 3519 2679 3574 sed
2730 3518 2909 3573 omnia
2953 3516 3044 3570 Dei
3076 3518 3288 3582 virtute,
3321 3527 3376 3572 et
3412 3517 3609 3573 Christi
3638 3519 3833 3573 auxilio

2263 3605 2644 3680 adimplebant.
2721 3647 2735 3660 .
2816 3647 2830 3661 .
2910 3647 2924 3660 .
3001 3606 3112 3661 Diis
3158 3619 3368 3676 pagano

2262 3700 2898 3758 dilectissimisdicamus.
2979 3740 2992 3753 .
3071 3737 3086 3752 .
3163 3737 3180 3752 .
3257 3739 3271 3753 .
3351 3738 3362 3752 .
3444 3739 3458 3754 .
3537 3739 3551 3754 .
3633 3740 3648 3754 .
3726 3740 3739 3754 .
3816 3739 3832 3756 .

2263 3801 2347 3850 est
2367 3801 2422 3848 et
2450 3791 2572 3845 ﬁdei
2614 3798 2809 3845 nostra:

2263 3887 2813 3956 loquamurunusest
2886 3921 2899 3936 .
2980 3921 2994 3936 .
3073 3921 3089 3936 .
3167 3922 3180 3936 .
3257 3923 3271 3936 .
3353 3923 3364 3935 .
3447 3923 3460 3936 .
3540 3922 3555 3936 .
3633 3922 3647 3936 .
3723 3923 3740 3936 .
3816 3921 3836 3938 .

2266 3977 2521 4032 Dominus
2543 3976 3020 4041 Deus,ctsanctus
3067 4014 3081 4029 .
3159 4016 3173 4028 .
3253 4016 3268 4030 .
3347 4016 3361 4030 .
3441 4018 3455 4030 .
3535 4017 3550 4031 .
3631 4017 3645 4030 .
3724 4015 3741 4031 .
3820 4017 3835 4031 .

2265 4069 3837 4124 estdicens..............

2267 4160 2464 4214 limitas
2507 4167 2705 4228 potest.
2784 4199 2797 4213 .
2878 4197 2892 4211 .
2976 4199 2989 4212 .
3068 4200 3082 4215 .
3161 4200 3175 4214 .
3256 4200 3269 4214 .
3348 4199 3363 4215 .
3447 4200 3462 4213 .
3543 4202 3557 4216 .
3635 4201 3650 4216 .
3728 4200 3746 4215 .
3822 4201 3838 4216 .

2267 4267 2353 4308 em
2379 4266 2503 4306 eum
2530 4251 2643 4305 sola
2672 4250 2867 4304 habeat
2902 4258 3250 4320 potestatem,
3280 4253 3423 4308 hunc
3463 4269 3628 4308 unum
3673 4253 3842 4309 Deum

2268 4341 2438 4398 credit
2462 4349 2516 4397 et
2542 4349 2828 4396 veneratur
2849 4340 3110 4410 Ecclesia,
3149 4343 3241 4412 qui
3287 4344 3468 4398 omnia
3511 4358 3847 4414 quascunque

2269 4441 2414 4499 sunt,
2444 4432 2609 4488 verbo
2649 4432 2943 4501 majestatis
2973 4449 3083 4488 sua:
3127 4443 3183 4489 et
3218 4436 3482 4505 sapientia
3509 4437 3727 4506 format,
3760 4453 3851 4491 ra-

2271 4525 2417 4579 tione
2461 4530 2517 4577 et
2556 4524 2912 4596 omnipotenti
2949 4524 3146 4580 virtute
3191 4536 3560 4594 consummat;
3607 4529 3698 4584 hic
3738 4545 3853 4584 non

2269 4617 2440 4672 videri
2468 4623 2679 4688 potest;
2709 4619 2824 4671 visu
2862 4618 3056 4672 clarior
3083 4626 3183 4682 est,
3215 4633 3315 4673 nec
3356 4619 3644 4684 aestimari;
3687 4636 3855 4675 sensu

2271 4707 2443 4777 major
2469 4717 2579 4774 est;
2623 4715 2678 4763 et
2715 4707 2838 4762 ideo
2863 4709 2940 4763 sic
2983 4723 3106 4763 eum
3132 4708 3294 4776 digne
3335 4710 3685 4779 restimamus,
3722 4709 3856 4765 dum

2274 4800 2695 4854 inaestimabilem
2742 4799 2986 4854 dicimus.
3020 4798 3118 4854 Hic
3145 4808 3248 4869 est,
3293 4801 3543 4869 inquam,
3594 4800 3859 4857 Dominus

2275 4893 2415 4947 Deus
2438 4900 2640 4960 noster,
2657 4907 2815 4960 quem
2841 4900 2896 4947 et
2915 4891 3015 4962 ipsi
3036 4892 3245 4947 ratione
3265 4893 3500 4962 superati
3524 4906 3858 4963 paganorum

2275 4981 2599 5053 philos0phi,
2646 4983 2746 5037 etsi
2793 4998 2898 5036 non
2948 4990 3289 5046 venerantur,
3329 4989 3862 5052 tamen-agnoscunt

2282 5073 2470 5125 Deum.
2494 5069 2619 5124 ldeo
2644 5071 2857 5138 quidem
2888 5087 2994 5126 non
3016 5080 3359 5135 venerantur,
3392 5073 3646 5140 quoniam
3674 5074 3727 5127 in
3774 5072 3860 5125 in-

2276 5161 2469 5229 juriam
2499 5160 2662 5229 ipsius
2690 5159 2961 5216 Creatoris
2987 5162 3184 5217 multos
3207 5171 3453 5217 asserunt
3476 5162 3627 5227 deos,
3671 5169 3728 5216 et
3759 5162 3863 5216 ho-

2284 5357 2657 5425 quodmnmodo
2683 5357 3030 5479 extergtendo
3059 5358 3259 5429 fecisse.

2358 5433 2372 5462 ί
2404 5426 2502 5479 llic
2547 5427 2806 5479 Maximus
2881 5441 2946 5479 oe
2973 5429 3259 5479 natriarch:

2358 5433 2372 5498 ξ
2404 5426 2502 5480 llic
2547 5427 2806 5498 Maximus
2835 5426 2946 5480 Noe
2973 5426 3332 5496 patriarcham
3363 5429 3626 5498 indigitat,
3653 5429 3769 5498 qui,
3799 5433 3863 5480 ut

2282 5495 2509 5567 habetur
2536 5496 2763 5567 Genesis
2789 5511 2908 5564 cap.
2940 5495 3031 5559 vn,
3049 5499 3228 5551 salvus
3256 5515 3318 5552 ex
3344 5495 3498 5567 aquis
3523 5495 3700 5567 diluvii
3725 5512 3861 5550 eva-

2281 5566 2380 5647 sit;
2412 5566 2625 5620 dicente
2654 5565 2927 5647 Scriptura
2956 5584 2967 5618 :
3003 5567 3270 5622 liemansil
3294 5565 3465 5623 autem
3486 5571 3626 5624 solus
3647 5565 3787 5633 Noe,
3807 5572 3862 5618 et

2280 5645 2500 5707 quicum
2522 5652 2580 5689 (’0
2608 5645 2755 5689 erant
2783 5645 2837 5688 in
2867 5651 3010 5690 (ητα.
