4138 6196
238 364 338 423 789

246 661 337 733 ipsi
363 656 665 730 philosophi
692 654 918 709 veritate
952 650 1265 721 compressi,
1295 658 1351 705 et
1378 649 1698 705 invisibilem
1725 663 1813 702 as-

245 754 441 815 serunt,
465 753 521 801 et
547 744 786 800 omnium
824 748 1233 813 praepotentem,
1263 741 1317 794 in
1364 754 1471 808 quo
1512 737 1814 809 prtecipuus

247 843 495 894 Sostenes
517 834 743 890 formam
770 831 929 901 hujus
957 830 1139 886 mundi
1166 836 1327 898 negat
1354 828 1594 898 conspici
1631 842 1811 897 posse,

250 940 300 986 et
323 928 540 997 angelos
560 941 720 981 veros
747 923 859 980 sedi
888 922 1003 993 ejus
1046 922 1177 978 dicit
1202 922 1477 989 assistere,
1524 922 1578 976 in
1606 935 1714 991 quo
1760 929 1816 975 et

253 1021 397 1075 Plato
436 1019 552 1089 pari
578 1018 791 1071 ratione
818 1015 1111 1084 consentit,
1141 1022 1197 1069 et
1222 1029 1388 1069 unum
1415 1013 1583 1068 Deum
1623 1010 1817 1082 praedi-

252 1127 391 1175 cans,
420 1117 642 1165 ceteros
686 1106 906 1175 angelos
950 1106 1038 1160 vel
1086 1105 1357 1161 daamones
1385 1105 1538 1161 dicit.
1589 1104 1817 1159 llermes

251 1216 460 1271 quoque
497 1197 875 1266 Trismegistus
903 1212 1064 1251 unum
1111 1196 1277 1251 Deum
1321 1195 1537 1263 fatetur,
1588 1210 1817 1263 eumque

253 1293 562 1349 invisibilem
601 1290 762 1361 730
790 1295 951 1356 atque
979 1287 1567 1356 incomprehensibilem
1596 1283 1819 1340 conﬁte-

253 1392 351 1438 tur.
383 1381 536 1437 Hunc
565 1393 693 1449 ergo
722 1392 823 1434 nos
852 1378 909 1432 in
935 1377 1162 1432 veritate
1202 1376 1539 1440 confitemur,
1572 1383 1628 1430 et
1666 1375 1821 1429 novi-

254 1488 386 1539 mus,
415 1479 471 1526 et
514 1470 764 1525 fatemur.
807 1466 1242 1537 Omnipotentem
1268 1466 1455 1529 Deum,
1485 1465 1638 1535 cujus
1683 1479 1820 1533 opus

252 1574 327 1622 est
353 1562 601 1628 mundus,
646 1561 738 1630 qui
766 1559 960 1616 oculum
987 1557 1266 1628 suspendit
1300 1564 1363 1612 ut
1408 1570 1699 1622 cameram,
1728 1555 1819 1624 qui

252 1664 447 1711 terram
492 1651 732 1708 fundavit
773 1664 937 1720 super
962 1664 1177 1719 aquam,
1204 1647 1372 1702 maria
1400 1647 1579 1703 soluto
1609 1646 1820 1715 liquore

251 1744 469 1809 diffudit,
491 1750 548 1798 et
570 1742 706 1797 miro
724 1741 1008 1796 libramine
1032 1756 1101 1796 ex
1122 1740 1267 1796 omni
1289 1746 1441 1809 parte
1466 1738 1819 1808 compositam

1236 352 1644 413 TRACTATUS
1678 351 1771 408 ιν.
1808 348 2081 407 CONTRA
2120 351 2452 411 PAGANOS.

245 490 437 543 norem,
484 482 547 530 ut
588 471 857 541 diximus,
898 468 1171 527 Creatoris
1214 466 1463 523 deferunt
1513 473 1794 525 creaturae.
1826 464 1878 525 A
1906 505 1922 520 .

245 576 257 606 ι
284 569 419 640 Ergo
440 581 583 623 nunc
603 565 886 621 Dominum
907 563 1075 619 Deum
1100 568 1347 617 nostrum
1370 560 1538 615 velint
1564 559 1736 615 nolint
1755 563 1811 612 et
1908 561 2044 617 nolit
2071 561 2235 616 etiam
2256 574 2290 614 ‘.
2372 601 2384 615 .
2464 599 2479 614 .

3371 356 3474 412 790

2000 510 2015 524 .
2094 510 2109 526 .
2148 484 2475 537 sermonem,
2506 483 2636 525 vere
2659 471 2924 541 propheta
2946 468 3076 526 velit
3100 470 3365 540 recipere,
3388 480 3479 527 aut

2559 599 2573 613 .
2612 574 2712 614 nus
2740 559 2877 629 ejus,
2908 559 2959 614 id
2999 565 3085 615 est
3108 560 3386 615 mandata.

1914 691 1931 705 .
2008 692 2023 707 .
2055 652 2217 707 habet
2242 652 2295 705 in
2324 666 2420 706 sua
2444 656 2718 720 potestate
2745 650 2918 715 liberi,
2951 652 3107 721 731
3157 651 3349 720 inquit,
3393 668 3490 709 su-

1911 758 2031 796 mus
2074 742 2313 806 arbitrii;
2345 741 2391 795 si
2426 741 2531 796 hoc
2558 747 2702 796 esset
2746 740 3028 796 audientes
3056 755 3179 795 eum
3220 740 3331 810 jam
3375 757 3484 796 non

1912 832 2173 888 haberent
2200 832 2253 886 in
2282 839 2549 902 potestate
2576 832 2721 887 aliud
2748 832 2923 887 facere
2977 846 3138 900 quam
3166 831 3447 886 audierant
3468 872 3483 887 .

1914 924 1995 979 vis
2022 929 2145 977 erat
2164 920 2405 991 qumdam
2433 927 2656 989 naturae,
2684 935 2784 990 per
2809 934 2969 991 quam
3016 920 3240 975 liberum
3267 936 3376 976 non
3401 935 3488 975 es—

1915 1022 1999 1071 set
2041 1013 2108 1068 ad
2137 1013 2294 1068 aliam
2342 1013 2575 1080 migrare
2620 1012 2968 1076 sententiam;
3012 1021 3107 1067 aut
3138 1012 3183 1067 si
3210 1026 3392 1067 rursus
3420 1025 3487 1066 ex

1916 1104 2254 1161 audientibus
2280 1103 2457 1159 nullus
2480 1103 2700 1158 omnino
2727 1103 3008 1172 reciperet,
3045 1110 3101 1157 et
3136 1102 3243 1158 hoc
3284 1110 3488 1157 natura:

1916 1197 1997 1252 vis
2025 1203 2160 1264 erat,
2191 1211 2311 1265 qua:
2336 1211 2503 1251 unum
2530 1195 2732 1265 aliquid
2780 1194 2897 1250 fieri
2944 1201 3180 1264 cogeret,
3233 1201 3288 1249 et
3334 1192 3491 1249 alteri

1916 1289 3488 1359 parti................

1918 1376 3489 1445 quialibrum.............

1918 1469 2046 1522 velit
2072 1477 2279 1539 partem
2299 1467 2567 1524 declinare
2634 1508 2650 1522 .
2726 1508 2741 1523 .
2819 1508 2834 1521 .
2913 1507 2929 1521 .
3005 1506 3021 1520 .
3101 1504 3119 1520 .
3193 1504 3209 1520 .
3288 1504 3302 1519 .
3379 1502 3393 1516 .
3481 1504 3492 1515 .

1920 1576 2094 1623 suum,
2126 1569 2182 1615 et
2207 1575 2366 1629 quam

1920 1631 3488 1708 viameonstatt............

253 1844 421 1891 totam
444 1834 601 1903 hujus
622 1831 809 1887 mundi
837 1831 1037 1887 molem
1075 1830 1190 1901 ipse
1227 1829 1468 1885 continet
1510 1826 1820 1883 fabricator.
1851 1823 1942 1887 B.
2021 1872 2037 1887 .
2117 1873 2131 1886 .
2211 1873 2227 1886 .
2305 1872 2319 1886 .
2397 1872 2412 1885 .
2490 1871 2506 1885 .
2584 1870 2598 1884 .
2677 1869 2691 1883 .
2771 1869 2787 1884 .
2866 1870 2880 1882 .
2959 1868 2974 1883 .
3052 1868 3067 1881 .
3146 1866 3161 1882 .
3254 1866 3267 1879 .
3369 1864 3383 1879 .
3482 1863 3493 1875 .

253 1924 367 1998 Ipse
394 1924 523 1981 solis
551 1922 882 1994 vaporiferos
955 1961 970 1976 .
1050 1961 1065 1975 .
1145 1959 1161 1974 .
1241 1960 1256 1974 .
1335 1958 1351 1974 .
1429 1958 1446 1973 .
1524 1956 1538 1971 .
1618 1958 1633 1972 .
1711 1956 1729 1972 .
1806 1956 1822 1970 .

256 2237 275 2254 .
346 2235 364 2251 .
459 2233 476 2249 .
571 2234 587 2249 .
676 2231 691 2247 .
766 2193 883 2262 ipse
909 2199 1100 2247 cuncta
1133 2190 1383 2245 animalia
1412 2204 1535 2245 cum
1562 2189 1827 2245 universis

254 2286 446 2341 fetibus
483 2282 595 2339 suis
613 2282 842 2350 benigne
868 2281 1175 2351 utiliterque
1193 2280 1514 2351 praeparavit
1532 2280 1556 2333 ‘l
1576 2280 1690 2350 ipse
1708 2278 1827 2335 fon-

256 2382 352 2439 tes,
376 2382 431 2428 et
450 2371 669 2426 ﬂumina
688 2384 1059 2438 concavosque
1079 2371 1380 2426 torrentes?
1401 2370 1514 2441 ipse
1533 2369 1827 2440 spatiosum

254 2479 419 2519 mare.
499 2504 514 2518 .
594 2501 611 2516 .
689 2500 704 2515 .
744 2475 1110 2531 rumcampos
1130 2476 1269 2516 mar.
1346 2500 1362 2515 .
1440 2501 1455 2515 .
1534 2501 1548 2515 .
1582 2460 1829 2516 fluctibus

254 2553 411 2623 longe
436 2552 670 2621 lateque.
747 2591 763 2606 .
842 2591 857 2605 .
936 2590 951 2605 .
1027 2558 1082 2606 et
1131 2552 1383 2617 visibilia,
1433 2560 1488 2608 et
1540 2552 1827 2608 invisibilia

254 2650 465 2698 cuncta.
540 2682 557 2697 .
633 2682 651 2698 .
722 2640 937 2697 Christo
960 2640 1099 2697 Filio
1118 2658 1216 2697 suo
1239 2642 1467 2698 Domino
1491 2653 1677 2698 nostro
1706 2658 1829 2714 per-

255 2732 377 2789 fecit
409 2751 422 2786 :
456 2734 594 2789 sicut
617 2734 875 2804 scriptum
902 2742 1002 2799 est,
1032 2734 1158 2803 quia
1183 2734 1238 2788 in
1265 2733 1480 2788 Christo
1508 2744 1683 2788 creata
1709 2741 1831 2792 sunt

255 2826 448 2891 omnia,
482 2831 776 2880 attestante
803 2825 1048 2894 apostolo
1078 2823 1262 2887 Paulo,
1292 2840 1405 2897 qua!
1417 2832 1535 2878 sunt
1560 2826 1613 2879 in
1637 2826 1759 2880 creto
1780 2834 1831 2879 et

256 2932 365 2987 qua:
387 2926 503 2971 sunt
518 2919 572 2971 in
591 2925 728 2971 terra
745 2916 965 2971 visibilia
983 2925 1032 2970 et
1042 2916 1320 2971 invisibilia
1338 2914 1559 2985 (Coloss.
1572 2918 1669 2987 iv).
1691 2916 1831 2987 Ergo

258 3024 393 3065 unus
420 3010 582 3075 Deus,
612 3008 826 3077 fratres,
854 3007 1158 3064 adorandus
1196 3014 1277 3063 est
1317 3009 1481 3073 solus,
1515 3009 1654 3064 sicut
1695 3009 1832 3064 scri-

257 3109 408 3171 ptum
436 3108 538 3158 est.
570 3099 846 3155 Dominum
869 3098 1035 3153 Deum
1064 3107 1205 3153 tuum
1224 3099 1486 3164 adorabis,
1528 3107 1579 3153 et
1605 3099 1705 3169 ipsi
1732 3099 1830 3153 soli

1926 1923 2008 1977 Ab
2054 1922 2207 1976 initio
2254 1921 2396 1976 enim
2442 1919 2569 1975 dum
2614 1934 2779 1989 regna
2866 1958 2880 1971 .
2958 1958 2972 1973 .
3051 1956 3066 1970 .
3145 1954 3160 1968 .
3258 1955 3274 1969 .
3367 1953 3385 1971 .
3486 1958 3497 1970 .

1925 2020 1979 2068 et
2006 2021 2326 2083 potestatem
2354 2010 2501 2067 dedit
2575 2052 2590 2065 .
2667 2049 2682 2065 .
2761 2049 2776 2063 .
2856 2049 2870 2063 .
2953 2049 2967 2062 .
3078 2007 3383 2072 hominum;
3440 2014 3505 2061 ut

1926 2103 2068 2158 illius
2112 2103 2263 2171 regni
2311 2101 2405 2156 ﬁat
2449 2102 2650 2173 portio,
2696 2100 2782 2155 cui
2821 2114 2880 2155 se
2909 2099 2975 2154 ad
3005 2098 3359 2153 obediendum
3387 2097 3503 2166 ip'sc

1924 2194 2213 2264 subjecerit
2244 2211 2257 2247 :
2290 2202 2346 2249 et
2385 2193 2511 2261 quia
2557 2190 2835 2246 deﬁnitum
2882 2197 2965 2244 est
3010 2187 3152 2258 apud
3199 2188 3364 2242 Deum
3393 2203 3502 2242 non

1925 2300 2085 2358 posse
2113 2300 2275 2340 unum
2319 2282 2593 2339 hominem
2622 2282 2897 2349 utriusque
2942 2279 3093 2348 regni
3122 2292 3239 2333 esse
3266 2291 3499 2341 servum,

1927 2378 2073 2433 omni
2102 2377 2278 2432 studio
2306 2375 2429 2430 date
2457 2389 2675 2445 operam
2704 2373 2757 2427 in
2786 2372 2912 2427 boni
2934 2370 3074 2441 regis
3102 2369 3273 2426 foedus
3301 2383 3367 2423 ac
3380 2368 3500 2437 jura

1927 2482 2268 2525 concurrere.
2323 2465 2552 2536 Propter
2594 2463 2699 2518 hoc
2756 2462 2987 2531 denique
3035 2477 3195 2517 verus
3241 2461 3503 2532 propheta

1928 2575 2050 2615 cum
2079 2564 2225 2613 esset
2265 2570 2500 2627 praesens
2528 2553 2826 2619 nobiscum,
2858 2559 2915 2607 et
2940 2552 3199 2623 quosdam
3229 2567 3295 2607 ex
3322 2550 3504 2605 diviti-

1927 2648 2030 2705 bus
2070 2647 2402 2717 negligentes
2427 2654 2553 2714 erga
2601 2643 2696 2699 Dei
2724 2643 2924 2699 cultum
2969 2642 3162 2698 viderit
3204 2641 3363 2713 hujus
3401 2641 3501 2707 rei,

1931 2741 2002 2794 ita
2031 2738 2241 2809 aperuit

1931 2931 1989 2980 et
2012 2924 2238 2994 reliqua,
2269 2938 2438 2993 usque
2464 2922 2552 2977 hic
2571 2922 2911 2992 prosequitur
2934 2919 2996 2987 VS.
3026 2917 3234 2974 Petrus.
3264 2917 3505 2972 Christus

1932 3032 2062 3087 ergo
2106 3015 2359 3071 dicebat:
2396 3012 2522 3069 ch
2569 3024 2644 3068 est
2681 3014 2785 3068 vita
2826 3020 3050 3076 (eterna,
3096 3017 3153 3063 ut
3199 3016 3509 3080 cognoscant

1933 3115 1983 3161 te
2008 3107 2174 3162 solum
2196 3122 2370 3161 verum
2389 3104 2574 3168 Deum,
2602 3111 2650 3159 et
2677 3115 2823 3176 quem
2845 3102 3032 3157 misisti
3050 3099 3228 3155 Iesum
3252 3097 3511 3153 Christum

258 3192 441 3247 εενυίεε
470 3191 683 3263 (Μαιιίια
715 3191 821 3261 IV);
851 3192 966 3260 ipse
992 3191 1289 3260 diligendus
1315 3198 1417 3255 θεῖν
1446 3190 1659 3245 dicente
1684 3188 1831 3245 Scri-
1860 3177 1905 3240 C
1938 3197 2115 3267 (Joan.
2135 3198 2265 3266 xvu)
2283 3213 2297 3260 ;
2317 3196 2371 3249 in
2396 3196 2498 3250 hac
2516 3194 2805 3262 agnitione,
2822 3193 3034 3257 fratres,
3057 3200 3141 3247 est
3160 3191 3509 3245 vitamterna.

258 3290 453 3353 ptura:
486 3281 683 3354 Diliges
724 3281 1006 3336 Dominum
1050 3280 1219 3335 Deum
1265 3288 1403 3335 tuum
1431 3297 1497 3333 ex
1526 3287 1632 3334 toto
1678 3278 1833 3334 corde

260 3384 370 3443 tuo,
401 3391 466 3428 ετ
495 3382 600 3428 tota
626 3374 801 3427 anima
829 3381 936 3437 tua,
982 3380 1032 3426 et
1071 3388 1135 3426 ea:
1162 3374 1304 3426 omni
1344 3382 1512 3425 mente
1541 3379 1649 3436 tua,
1691 3378 1740 3425 et
1769 3388 1834 3426 ea:

258 3466 400 3519 omni
414 3480 565 3518 sensu
582 3472 685 3530 tuo,
702 3471 749 3517 et
770 3464 1059 3534 proximum
1078 3470 1217 3515 tuum
1237 3462 1369 3516 sicut
1388 3462 1603 3530 teipsum
1620 3459 1831 3532 (Matth.

260 3554 415 3626 xxI).
446 3553 577 3620 Quis
596 3554 811 3619 etenim,
830 3566 980 3621 rogo,
1002 3550 1280 3621 proximus
1301 3552 1524 3607 noster?
1545 3565 1706 3620 quam
1735 3551 1836 3607 Do—

258 3645 437 3699 minus
476 3652 659 3699 noster
695 3642 849 3698 Jesus
872 3640 1138 3710 Christus,
1167 3642 1260 3711 qui
1299 3657 1421 3696 cum
1461 3641 1515 3695 in
1545 3640 1715 3696 forma
1743 3641 1838 3697 Dei

258 3745 408 3792 esset
434 3736 774 3801 constitutus,
806 3734 1033 3790 formam
1060 3734 1202 3789 servi
1229 3734 1438 3804 accepit
1462 3734 1486 3787 ?
1512 3731 1583 3787 Et
1620 3732 1839 3791 Verbum

259 3843 385 3883 caro
406 3830 598 3899 fectant
618 3835 715 3895 est,
739 3833 789 3881 et
809 3825 1057 3880 habitavit
1084 3826 1139 3879 in
1167 3824 1313 3879 nobis
1338 3825 1519 3897 (Joan.
1545 3825 1606 3895 ι),
1639 3825 1839 3895 quique

259 3918 512 3973 dicebat:
546 3917 674 3971 [fore
700 3927 777 3972 est
799 3917 903 3971 vita
929 3925 1145 3982 (eterna,
1167 3926 1224 3971 ut
1249 3925 1564 3989 cognoscant
1592 3925 1642 3970 te
1674 3917 1841 3971 solum

261 4023 437 4061 verum
466 4005 653 4072 Deum,
691 4016 741 4061 et
763 4023 910 4078 quem
954 4008 1142 4060 misisti
1168 4005 1346 4061 Jesum
1374 4005 1631 4061 Christum
1658 4006 1835 4078 (Joan.

258 4095 417 4167 xvii).
443 4096 548 4152 Iste
573 4095 726 4152 Jesus
750 4095 995 4152 Christus
1025 4134 1040 4150 .
1119 4135 1135 4151 .
1214 4136 1228 4150 .
1306 4137 1321 4151 .
1363 4097 1418 4151 in
1444 4097 1704 4167 principio
1726 4105 1843 4152 erat

259 4186 504 4243 Verbum
532 4186 671 4257 apud
699 4186 887 4242 Deum.
966 4227 982 4242 .
1060 4226 1074 4240 .
1106 4202 1139 4241 a
1182 4184 1383 4258 Sibylla
1418 4197 1615 4254 lxerx,
1654 4186 1841 4241 Graeco

261 4278 505 4346 nomine,
532 4278 677 4346 quod
704 4279 964 4347 significat
985 4278 1167 4348 piscis,
1190 4286 1443 4348 operatus
1463 4286 1567 4347 est,
1590 4294 1656 4334 eo
1698 4278 1841 4347 quod

261 4370 451 4425 mundi
476 4370 564 4425 vel
590 4370 769 4425 saeculi
791 4369 950 4440 hujus
976 4385 1125 4425 mare
1152 4370 1485 4437 ingressurus
1513 4377 1675 4425 esset.
1707 4369 1842 4425 Nam

259 4469 316 4515 et
350 4460 653 4515 litterarum
683 4460 917 4530 ipsarum
967 4457 1275 4515 Grmcarum
1328 4458 1609 4516 considera
1657 4461 1844 4530 ingens

1934 3288 2069 3343 Nam
2098 3288 2223 3343 audi
2248 3286 2577 3357 Scripturam
2601 3292 2906 3340 sanctorum
2936 3282 3347 3351 Evangeliorum
3374 3281 3512 3336 refc-

1935 3388 2143 3435 rentem
2164 3378 2232 3434 de
2258 3392 2468 3433 summo
2487 3377 2598 3431 Deo
2624 3374 2802 3441 Patre,
2826 3382 2881 3430 et
2908 3374 3043 3429 Filio
3070 3371 3187 3444 ejus
3207 3373 3336 3428 Jesu
3360 3372 3513 3427 Chri-

1936 3482 2022 3529 sto
2049 3491 2062 3525 :
2096 3471 2162 3527 In
2191 3471 2461 3544 principio,
2490 3470 2683 3539 inquit,
2725 3476 2836 3523 erat
2872 3466 3114 3536 Verbum,
3140 3466 3193 3521 id
3221 3473 3303 3521 est
3325 3464 3508 3530 Filius,

1936 3574 1986 3619 et
2024 3564 2246 3619 Verbum
2272 3570 2383 3617 erat
2412 3561 2549 3633 apud
2570 3561 2733 3616 Deum
2757 3558 2936 3631 (Joan.
2966 3557 3033 3629 ι),
3054 3556 3194 3628 apud
3215 3555 3511 3626 genitorem

1938 3672 2093 3713 suum

262 4549 580 4621 mysterium
629 4548 1188 4616 ixerzzliota,hoc
1231 4556 1314 4605 est
1342 4546 1597 4617 Jesus;x
1634 4551 1741 4615 chi,
1789 4535 2301 4636 idDinsequemia
2375 4603 2390 4618 ,
2468 4605 2483 4621 ,
2562 4604 2576 4619 ,
2656 4602 2669 4615 ,
2749 4600 2763 4614 .
2845 4600 2858 4613 .
2940 4599 2954 4613 .
3034 4600 3049 4613 .
3127 4597 3141 4611 .
3221 4597 3235 4611 .
3318 4597 3332 4611 .
3411 4597 3424 4611 .
3503 4597 3515 4610 .

260 4650 345 4697 est
390 4640 580 4712 XpTos;
608 4651 648 4697 9
690 4642 857 4709 theta,
886 4640 1064 4728 I‘heu;
1097 4653 1134 4697 Υ
1168 4639 1310 4706 Yios,
1355 4654 1382 4694 Σ
1430 4642 1597 4710 sigma
1646 4642 1837 4709 Soter;

262 4732 411 4800 quod
460 4730 650 4786 Latine
694 4732 1011 4802 explanatur
1054 4729 1206 4785 Jesus
1250 4730 1482 4786 Christus
1530 4731 1629 4785 Dei
1672 4730 1841 4786 Filius

262 4821 514 4877 Salvator
540 4837 559 4875 :
588 4822 643 4876 in
671 4823 845 4892 capite
868 4822 1060 4877 harum
1087 4821 1323 4892 quinque
1363 4822 1663 4878 litterarum
1690 4821 1831 4877 Cra:-

262 4928 452 4968 carum
480 4914 791 4985 mysterium
818 4914 923 4969 hoc
948 4922 1050 4982 est,
1077 4914 1245 4984 qumri
1286 4927 1413 4981 ergo
1438 4928 1651 4984 magno.
1732 4954 1747 4969 .
1825 4956 1839 4969 .

262 5453 335 5508 de
366 5453 595 5511 Domino
621 5454 836 5514 Christo
882 5456 998 5526 ipse
1042 5457 1230 5511 beatus
1259 5455 1466 5510 Petrus.
1549 5497 1560 5510 .
1640 5497 1653 5510 .
1735 5498 1747 5511 .
1828 5502 1839 5514 .

346 5592 361 5621 ¹
395 5590 471 5662 De
498 5592 582 5647 his
603 5592 738 5647 dixit
762 5591 949 5662 Apost.
985 5591 1051 5645 ad
1080 5591 1237 5662 Item.
1270 5604 1398 5662 cap.
1421 5589 1441 5642 Ι
1468 5608 1478 5640 :
1525 5588 1594 5662 Et
1623 5598 1843 5646 mutave—

259 5670 392 5714 runt
417 5661 632 5731 gloriam
660 5660 1060 5731 incorruptibilis
1081 5661 1178 5713 Dei
1211 5663 1264 5713 in
1285 5660 1681 5731 similitudinem
1704 5662 1839 5715 ima-

256 5729 773 5800 ginis'corruptibilis
796 5729 1047 5796 hominis,
1090 5741 1137 5785 et
1158 5735 1447 5795 volucrum,
1481 5740 1528 5782 et
1549 5729 1840 5803 quadrupe-

1946 4656 2156 4723 dicens,
2186 4664 2236 4709 et
2272 4653 2492 4709 Verbum
2520 4670 2640 4707 caro
2668 4655 2860 4724 factum
2880 4660 2974 4717 est,
3006 4648 3072 4703 ad
3096 4649 3341 4704 velamen
3412 4688 3427 4702 .
3504 4688 3519 4702 .

2415 4744 2761 4813 interpretem
2789 4756 2896 4797 ser.
2938 4780 2953 4793 .
3033 4780 3047 4794 .
3124 4778 3139 4793 .
3219 4778 3233 4792 .
3312 4779 3328 4794 .
3406 4778 3421 4793 .
3501 4778 3517 4793 .

1949 4835 2134 4890 docuit
2161 4835 2491 4889 voluntatem
2520 4833 2714 4899 Patris,
2748 4833 3027 4903 ipsumque
3063 4846 3327 4887 summum
3354 4831 3523 4887 Deum

1949 4922 2273 4978 credendum
2294 4922 2535 4991 tradidit,
2558 4930 2614 4978 et
2639 4922 2717 4978 sic
2746 4922 2996 4992 passione
3014 4920 3298 4991 completa,
3329 4921 3522 4993 ipsum,

1948 5030 2107 5084 quem
2161 5022 2558 5087 assumpserat,
2614 5015 2886 5070 hominem
2951 5011 3267 5068 sacrificium
3334 5013 3526 5069 obtulit

1951 5104 2126 5172 Patri,
2158 5107 2321 5162 totius
2359 5106 2544 5162 mundi
2588 5105 2789 5162 faciens
2835 5104 3278 5174 redemptionem.
3325 5104 3524 5161 lterum

1951 5196 2008 5252 S.
2042 5195 2185 5252 Petri
2220 5198 2604 5269 interponimus
2632 5196 3021 5267 expositionem
3048 5212 3061 5248 :
3085 5194 3162 5252 Ac
3190 5196 3411 5265 noscite,
3445 5197 3527 5251 in-

1952 5287 2436 5356 quit,veritatem,
2473 5296 2527 5342 et
2551 5286 2872 5357 separamini
2946 5326 2960 5340 .
3040 5325 3053 5339 .
3134 5329 3148 5343 .
3225 5328 3241 5341 .
3320 5327 3337 5345 .
3414 5329 3428 5343 .
3505 5326 3520 5342 .

1953 5380 3519 5450 decipereho..............

1954 5469 3523 5539 scriptiones..............

1945 5600 2087 5673 dum,
2119 5612 2167 5655 et
2196 5609 2504 5673 serpentum.
2533 5598 2753 5671 Propter
2781 5603 2915 5673 quod
2936 5603 3149 5657 tradidit
3168 5604 3284 5656 illos
3311 5600 3450 5655 Deus
3471 5602 3522 5654 in

1942 5672 2204 5726 desideria
2227 5671 2399 5725 cordis
2429 5689 2605 5726 eorum
2626 5674 2680 5725 in
2702 5671 3117 5743 immunditiam,
3149 5682 3251 5729 etc.
