4138 6196
602 331 699 384 79!

1810 331 1868 387 S.
1909 331 2154 388 MAXIM!
2195 333 2638 394 TAURINENSIS

3741 335 3840 396 79?.

603 440 854 496 Deorum.
929 475 949 493 .
1026 477 1042 495 .
1118 477 1132 492 .
1209 476 1226 495 .
1303 477 1320 494 .
1398 477 1412 492 .
1491 477 1506 492 .
1585 476 1599 492 .
1678 479 1694 493 .
1772 479 1786 493 .
1867 482 1881 494 .
1963 483 1976 495 .
2058 482 2070 494 .
2154 482 2168 495 .
2203 448 2250 507 Α
2283 460 2436 510 eam,
2471 456 2526 501 et
2553 447 2620 502 ab
2648 446 3013 516 indignatione
3043 446 3332 518 impiorum
3351 445 3628 516 refrenat,
3659 462 3722 505 ac
3741 461 3839 506 sua

615 569 632 589 0
709 549 726 588 ί
803 571 822 590 0
897 568 916 586 0
991 571 1008 587 0
1086 570 1102 585 0
1181 568 1198 588 0
1275 568 1293 584 0
1372 570 1387 586 0
1466 570 1482 585 0
1553 571 1574 588 ν
1653 569 1671 586 0
1747 566 1859 586 000
1951 572 1968 587 0
2058 572 2075 588 0
2160 572 2174 586 0

610 753 623 767 0
708 751 723 768 0
803 753 818 767 0
897 750 914 767 0
993 749 1008 764 ο
1087 751 1104 767 0
1181 749 1196 764 ο
1273 751 1291 767 0
1369 749 1384 765 ο
1461 748 1478 766 0
1556 751 1571 766 0
1649 751 1666 770 ο
1746 750 1762 766 0
1841 753 1857 768 0
1949 753 1963 767 0
2059 752 2073 766 0

609 844 626 860 .
707 843 722 858 .
798 842 816 858 .
894 843 911 857 .
987 841 1004 856 .
1081 840 1098 862 .
1177 841 1193 856 .
1269 840 1288 863 ρ
1363 840 1380 857 .
1455 841 1471 861 .
1525 802 2181 874 7325icutenimunus

609 933 622 947 .
702 933 718 947 .
795 933 811 946 .
890 931 905 947 .
982 929 1001 953 ρ
1079 929 1094 948 .
1175 930 1190 948 .
1270 932 1286 947 .
1365 932 1381 951 .
1458 931 1474 945 .
1547 886 2176 960 habetsubsemultos,

558 1039 576 1061 ᾗ
606 996 663 1039 tu
689 984 822 1040 dicis
847 984 997 1039 verbi
1025 983 1195 1053 gratia
1222 983 1524 1053 prtefectos,
1548 984 1812 1048 consules,
1837 984 2098 1050 tribunos,
2125 992 2182 1039 et

518 1067 828 1134 canoras
869 1082 1184 1144 potestates.
1232 1071 1435 1130 Similia
1479 1072 1818 1136 arbitramur,
1860 1073 2020 1127 modo
2059 1087 2181 1127 cum

609 1181 744 1221 unus
771 1167 842 1220 sit
867 1165 1039 1234 major
1066 1165 1304 1220 omnium
1332 1164 1494 1228 Deus,
1527 1171 1582 1217 et
1604 1163 1714 1232 jam
1744 1164 1876 1220 istos
1903 1164 1969 1218 ad
1996 1164 2182 1220 simili-

609 1255 849 1311 tudinem
878 1269 1064 1309 earum
1091 1269 1224 1323 quas
1269 1252 1501 1307 diximus
1540 1261 1865 1322 potestatum
1907 1252 2183 1307 ordinatos

609 1359 729 1400 esse
749 1345 803 1398 in
824 1338 928 1398 hoc
942 1341 1142 1399 mundo
1163 1341 1322 1408 deos;
1348 1339 1421 1394 illi
1449 1341 1662 1410 quidem
1683 1341 1872 1410 majori
1892 1341 2181 1411 subjectos;

609 1449 709 1488 nos
737 1442 933 1499 tamen,
956 1439 1011 1487 et
1037 1431 1162 1500 quia
1191 1431 1245 1484 in
1269 1431 1373 1484 hoc
1393 1430 1591 1485 mundo
1619 1439 1763 1496 sunt,
1791 1430 2179 1502 dispensantes.

611 1524 802 1579 Audite
848 1538 977 1596 ergo
1023 1521 1092 1575 ad
1139 1522 1253 1577 haec
1299 1537 1414 1588 vos,
1456 1521 1673 1590 pagani,
1720 1521 1991 1595 quomodo
2020 1521 2074 1574 in
2102 1520 2186 1574 his

610 1614 740 1682 ipsis
779 1627 898 1680 qua:
942 1611 1008 1666 ad
1054 1612 1424 1682 deceptionem
1465 1651 1479 1669 .
1524 1651 1538 1667 .
1582 1651 1596 1665 .
1637 1611 1902 1682 apponitis
1942 1611 2186 1667 veritatis

609 1704 903 1760 rationibus
923 1701 1267 1758 conﬁtemini.
1292 1701 1478 1756 Dicitis
1497 1696 1757 1770 siquidem
1777 1719 1790 1754 :
1809 1700 1942 1756 Cum
1963 1700 2188 1756 Caesaris

612 1802 794 1850 teneat
821 1794 960 1848 Deus
987 1793 1105 1862 (sic)
1129 1792 1370 1861 judicum
1411 1808 1541 1847 vero
1587 1792 1731 1860 ejus;
1762 1800 1818 1847 et
1852 1798 2182 1862 potestatum
2211 1796 2258 1857 Β
2287 1839 2300 1851 .

608 1887 846 1956 speciem
875 1893 1091 1939 servent
1119 1885 1155 1938 ii
1189 1884 1281 1956 qui
1305 1884 1554 1939 dicuntur
1577 1884 1678 1950 dii,
1709 1892 1920 1938 servate
1948 1897 2096 1952 ergo,
2126 1891 2186 1938 ut

608 1975 978 2047 proposuistis,
1002 1974 1305 2043 exemplum
1324 1971 1583 2039 Caesaris;
1615 1980 1670 2028 et
1689 1974 1881 2028 scitote
1901 1974 2025 2042 quia
2046 1974 2185 2028 sicut

610 2067 743 2122 nulli
771 2082 839 2122 ex
861 2065 1130 2138 judicibus
1153 2065 1238 2118 vel
1267 2062 1782 2118 administratoribus
1799 2105 1814 2130 ,
1845 2063 1898 2116 id
1925 2071 2008 2117 est
2045 2077 2184 2132 pra:-

608 2158 781 2224 fectis,
813 2157 898 2218 vel
925 2156 1353 2226 proconsulibus,
1402 2155 1489 2210 vel
1534 2154 1775 2220 ducibus,
1823 2155 1910 2209 vel
1959 2154 2187 2209 tribunis
2288 2193 2304 2206 .
2399 2192 2414 2208 .
2511 2192 2526 2206 .

609 2249 690 2302 fas
733 2252 817 2304 est
844 2245 1068 2300 Caesaris
1108 2259 1306 2299 nomen
1335 2243 1570 2313 imponi,
1618 2243 1852 2312 alioquin
1896 2250 1951 2297 et
1981 2243 2069 2298 ille
2095 2243 2188 2312 qui
2289 2281 2306 2297 .
2394 2281 2410 2297 .
2507 2280 2522 2296 .
2619 2280 2636 2296 .
2711 2280 2726 2294 .
2805 2279 2820 2294 .
2898 2281 2913 2294 .
2994 2281 3008 2294 .

608 2337 928 2412 susceperit,
957 2344 1012 2390 et
1039 2335 1115 2388 illi
1143 2334 1233 2405 qui
1272 2334 1591 2400 detulerint,
1619 2334 1821 2404 pariter
1847 2333 2138 2396 interibunt
2169 2350 2184 2388 :

611 2428 684 2482 ita
726 2426 870 2485 etde
896 2426 1001 2480 hoc
1028 2425 1233 2484 debetis
1262 2424 1560 2486 advertere.
1592 2423 1747 2495 Quod
1787 2424 1832 2478 si
1873 2425 1964 2496 qui
1992 2439 2188 2479 nomen

613 2517 709 2572 Dei
737 2517 920 2583 alicui,
958 2531 1119 2587 quam
1166 2525 1362 2586 Przeter
1403 2516 1576 2589 ipsum
1616 2516 1950 2591 imposuerit,
1998 2522 2054 2570 et
2099 2515 2188 2570 ille

613 2607 878 2675 receperit
925 2621 1088 2667 unum
1141 2605 1495 2673 eumdemque
1545 2605 1837 2666 sortientur
1890 2605 2184 2669 interitum,

613 2699 782 2754 multo
811 2699 1132 2754 deteriorem
1161 2696 1300 2753 forte
1347 2712 1504 2767 quam
1549 2696 1780 2752 ministri
1816 2695 2058 2752 Caesaris.
2090 2695 2190 2752 Hic

612 2790 756 2849 enim
810 2790 902 2859 qui
930 2787 1190 2858 delinquit
1218 2785 1270 2842 in
1300 2786 1597 2854 Caesarem,
1631 2789 1906 2844 interitum
1933 2789 2189 2858 suscipiet

613 2878 965 2948 temporalem
989 2881 1005 2943 ;‘
1035 2878 1126 2947 qui
1174 2893 1302 2932 vero
1331 2878 1384 2937 in
1415 2892 1598 2942 unum,
1629 2878 1722 2947 qui
1751 2878 1896 2932 solus
1923 2886 2005 2933 est
2030 2892 2189 2932 verus

615 2964 774 3034 Deus,
797 2965 1076 3036 delinquit,
1104 2966 1156 3020 in
1182 2967 1436 3020 saeculum

1513 3005 1528 3018 0
1605 3004 1619 3019 0
1698 3005 1712 3024 0
1793 3005 1808 3019 0
1886 3005 1900 3020 0
1980 3005 1995 3022 0
2074 3006 2090 3022 0
2169 3007 2184 3021 0

616 3094 639 3112 ο
708 3094 728 3116 ο
801 3094 818 3112 0
895 3095 911 3109 0
988 3094 1005 3110 0
1081 3095 1096 3110 0
1177 3095 1190 3109 0
1269 3096 1284 3110 0
1363 3095 1392 3122 ο,
1459 3097 1474 3111 0
1554 3097 1569 3112 0
1653 3097 1667 3110 0
1749 3097 1762 3110 0
1846 3098 1860 3110 0
1954 3099 1968 3112 ο
2062 3102 2074 3113 0
2169 3099 2183 3114 0

620 3275 640 3296 ο
715 3277 733 3299 ο
809 3275 826 3291 0
904 3277 920 3291 0
998 3276 1013 3291 0
1093 3276 1107 3291 0
1185 3277 1202 3290 0
1281 3277 1294 3290 0
1374 3276 1390 3291 0
1467 3275 1482 3290 0
1561 3275 1577 3290 0
1657 3278 1671 3290 0
1750 3278 1764 3291 0
1845 3279 1858 3292 0
1956 3279 1970 3292 0
2063 3280 2076 3292 0

626 3368 646 3391 ς
721 3369 738 3384 0
816 3368 833 3390 η
909 3369 924 3384 0
1003 3368 1017 3387 0
1097 3367 1112 3383 0
1191 3369 1205 3387 0
1284 3369 1298 3382 0
1379 3368 1393 3382 0
1469 3368 1484 3382 0
1564 3367 1579 3382 0
1656 3368 1670 3381 0
1751 3370 1765 3383 ο
1844 3371 1858 3384 ο
1956 3370 1970 3384 0
2056 3370 2071 3385 ο

617 3513 722 3573 Alii
750 3512 945 3583 pagani
975 3511 1190 3580 dicunt,
1229 3527 1330 3572 nos
1358 3511 1531 3568 adhuc
1575 3513 1766 3568 melius
1813 3513 2062 3580 facimus,
2094 3515 2187 3584 qui

617 3611 673 3661 et
694 3602 794 3673 ipsi
817 3617 1028 3657 summo
1059 3601 1188 3668 Deo,
1220 3611 1276 3656 et
1297 3601 1544 3657 omnibus
1565 3617 1686 3658 cum
1715 3603 1831 3673 ipso
1858 3605 2057 3672 gratias
2081 3604 2189 3676 agi-

2280 536 2660 590 misericordia:
2698 576 2713 589 .
2792 576 2808 590 .
2885 575 2900 590 .
2979 573 2998 592 .
3073 577 3088 590 .
3167 576 3182 590 .

2278 627 2513 695 peccatis
2531 627 2806 681 hominum
2827 635 2881 681 et
2892 627 3183 683 sceleribus
3203 627 3540 682 inflammari.
3565 627 3838 698 Exspectat
3921 663 3940 710 λ(

3259 537 3482 592 obedire
3503 538 3678 606 magis
3700 553 3835 608 quam

2281 718 2424 772 enim
2451 718 2710 787 patientia
2736 718 2862 788 Dei,
2888 719 3014 774 dum
3043 719 3096 772 in
3125 719 3230 774 hoc
3255 733 3486 789 corpore
3510 727 3657 784 sunt,
3685 719 3837 774 homi-
3923 729 3936 778 :’

2281 821 2406 860 num
2427 806 2851 872 conversionem,
2879 806 3021 877 quod
3047 807 3094 862 si
3121 821 3292 876 usque
3330 807 3399 862 ad
3419 807 3626 864 exitum
3654 807 3768 862 vitm
3789 809 3838 864 in

2281 895 2557 964 impietate
2584 896 2946 965 perstiterint,
3005 903 3132 951 tunc
3171 895 3284 965 jam
3323 895 3607 952 discedens
3656 898 3835 963 anima,

2280 999 2401 1054 qua:
2421 985 2735 1040 immortalis
2763 992 2864 1050 est,
2893 1000 2992 1055 pro
3014 985 3305 1054 impietatis
3324 1000 3435 1040 sua:
3454 988 3837 1055 perseverantia

2281 1075 2381 1129 luit
2411 1090 2600 1145 pmnas
2635 1076 2982 1131 immortales.
3034 1076 3142 1132 Nos
3182 1091 3340 1141 vero,
3389 1078 3466 1130 ait
3495 1078 3612 1147 ipse
3641 1087 3840 1133 sanctus

2285 1165 2504 1232 Petrus,
2553 1165 2706 1235 cujus
2741 1166 2881 1222 hanc
2917 1167 3301 1236 assumpsimus
3334 1167 3746 1236 disputationem
3778 1167 3838 1222 de

2283 1256 2503 1311 historia
2535 1256 2681 1311 beati
2708 1255 2999 1312 Clementis
3022 1257 3138 1324 ejus
3165 1257 3441 1328 discipuli,
3489 1265 3547 1312 et
3570 1257 3765 1313 nostris
3790 1258 3838 1312 in

2284 1345 2605 1414 adjutorium
2632 1346 2952 1402 sociavimus
2979 1346 3154 1401 dictis.
3193 1346 3302 1403 Nos
3329 1362 3457 1416 ergo
3479 1388 3496 1414 ,
3524 1349 3627 1412 ait,
3658 1349 3724 1403 ad
3747 1348 3842 1404 hoc

2285 1436 2433 1490 missi
2460 1450 2663 1501 sumus,
2685 1442 2745 1489 ut
2766 1435 3054 1504 prodamus
3081 1436 3232 1491 vobis
3260 1436 3491 1492 latebras
3517 1437 3720 1507 antiqui
3745 1452 3842 1493 sero

2285 1527 2490 1598 pentis,
2521 1532 2576 1581 et
2603 1525 2942 1581 absolventes
2968 1525 3273 1581 inimicitias
3324 1526 3731 1582 reconciliemus
3754 1542 3843 1583 vos

2286 1615 3838 1678 Deo.......,........

2286 1714 2342 1763 et
2360 1706 2570 1776 placeat
2590 1705 2677 1760 isti
2751 1744 2767 1759 .
2845 1745 2860 1760 .
2937 1745 2953 1759 .
3030 1743 3046 1759 .
3123 1744 3139 1759 .
3211 1703 3307 1761 sed
3327 1702 3575 1762 fortasse.
3651 1745 3667 1760 .
3740 1745 3756 1762 .
3825 1716 3844 1764 ξ

2378 1797 2509 1852 nihil
2536 1811 2747 1860 curare,
2769 1804 2826 1852 et
2849 1795 2981 1852 Deo.
3055 1835 3073 1851 .
3147 1835 3165 1850 .
3241 1836 3258 1852 .
3333 1835 3350 1850 .
3424 1795 3495 1851 ad
3526 1797 3768 1853 notitiam
3819 1837 3836 1855 .

2571 1926 2586 1942 .
2658 1901 2944 1956 possumus
2995 1887 3277 1956 pervenire
3299 1927 3316 1952 ,
3376 1887 3668 1956 quomodo.
3742 1928 3757 1944 .
3825 1929 3842 1944 .

2380 2013 2395 2028 .
2482 1982 2636 2044 gerat
2693 1974 3045 2030 humanarum
3104 1962 3285 2028 rerum

2622 2193 2639 2206 0
2717 2192 2733 2207 0
2810 2192 2824 2206 0
2903 2191 2918 2207 0
2996 2191 3012 2207 0
3089 2192 3105 2208 ο
3186 2193 3203 2207 0
3281 2194 3296 2207 0
3374 2193 3389 2207 0
3465 2193 3482 2209 0
3557 2193 3574 2208 0
3653 2193 3670 2210 ο
3744 2195 3760 2210 0
3829 2197 3846 2214 ο

2285 2331 2389 2386 nisi
2415 2329 2557 2386 enim
2585 2335 2851 2400 potestate
2877 2344 2946 2385 ex
3015 2371 3030 2385 .
3107 2371 3121 2384 .
3201 2370 3216 2385 .
3295 2371 3311 2386 .
3387 2371 3402 2386 .
3478 2347 3849 2405 nunquampo.

2287 2422 2422 2477 tiora
2449 2421 2788 2476 inferioribus
2805 2421 3145 2477 ministraren
3161 2463 3188 2489 .,
3218 2431 3274 2478 et
3301 2438 3399 2492 per
3419 2423 3523 2480 hoc
3549 2441 3660 2480 non
3685 2427 3850 2482 solum

2286 2530 2469 2579 curam
2494 2513 2591 2575 Dei
2621 2506 2764 2583 erga.
2791 2513 3058 2579 homines,
3089 2515 3184 2569 sed
3213 2523 3267 2570 et
3293 2515 3551 2584 grandem
3576 2505 3852 2587 quemdam

2287 2605 2487 2660 habere
2505 2603 2727 2666 docetur
2745 2600 3014 2669 affectum,
3038 2592 3270 2674 quorum.
3287 2604 3583 2662 ministerio
3602 2613 3713 2660 tam
3731 2621 3854 2675 prte-

2247 2733 2250 2738 -
2286 2692 2431 2751 clara
2471 2691 2794 2762 mancipavit
2833 2691 3116 2752 elementa.
3162 2692 3270 2749 Sed
3297 2693 3443 2749 dices
3484 2712 3498 2747 :
3548 2695 3677 2764 quid
3714 2696 3852 2750 enim

2285 2783 2494 2837 lmditur
2519 2782 2679 2846 Deus,
2710 2783 2753 2838 si
2783 2789 2838 2839 et
2868 2782 2968 2836 ista
2992 2783 3241 2844 coluntur
3269 2797 3301 2837 a
3329 2783 3502 2850 nobis,
3535 2784 3580 2840 si
3618 2785 3738 2854 quis
3764 2800 3854 2840 ve-

2286 2883 2454 2932 strum
2475 2875 2734 2929 honorem

2811 2912 2826 2926 0
2905 2913 2920 2928 0
2996 2915 3010 2928 0
3090 2915 3105 2929 ο
3183 2914 3198 2929 0
3275 2915 3290 2928 0
3372 2915 3386 2929 0
3464 2915 3479 2934 ρ
3557 2915 3572 2932 0
3654 2917 3669 2934 ο
3746 2916 3759 2929 ο
3835 2917 3853 2932 ο

2292 3095 2308 3112 0
2383 3094 2398 3109 0
2476 3094 2490 3108 0
2569 3095 2584 3110 0
2663 3095 2678 3108 0
2755 3095 2770 3108 Ι
2848 3095 2863 3109 0
2943 3093 2957 3109 0
3036 3096 3051 3110 0
3128 3095 3143 3109 ο
3220 3095 3235 3109 0
3315 3095 3331 3109 0
3410 3095 3428 3108 ο
3509 3094 3526 3109 ο
3624 3095 3642 3108 ο
3736 3096 3752 3109 0

2291 3275 2306 3290 0
2384 3274 2399 3288 0
2477 3275 2492 3290 0
2571 3273 2585 3287 ο
2664 3275 2681 3289 0
2757 3274 2772 3289 0
2849 3275 2866 3290 0
2944 3275 2958 3289 0
3037 3277 3051 3289 0
3129 3275 3144 3289 ο
3222 3277 3238 3290 0
3316 3277 3332 3291 ο
3413 3277 3426 3292 0
3507 3277 3523 3289 ο
3613 3276 3629 3290 ο
3730 3277 3747 3292 ο

3531 3366 3548 3381 .
3646 3327 3731 3383 vel
3756 3327 3859 3383 alia

2292 3418 3859 3477 ...........Deusnousit..

2291 3550 2306 3566 .
2385 3549 2399 3564 .
2477 3549 2492 3562 .
2571 3550 2585 3564 .
2663 3549 2676 3562 .
2756 3549 2771 3570 ,
2849 3549 2864 3564 .
2917 3510 2971 3563 in
3001 3509 3084 3564 his
3112 3523 3230 3578 qua:
3270 3507 3425 3564 facile
3460 3508 3866 3579 deprehendere

2285 3599 2534 3670 potuistis
2555 3600 2789 3654 animum
2805 3599 2873 3653 ad
2891 3597 3284 3659 discutiendum
3305 3598 3552 3656 noluistis
3566 3596 3869 3668 intendere,

617 3706 765 3758 mus,
822 3692 1016 3761 quibus
1043 3691 1325 3746 dicendum
1353 3698 1454 3746 est.
1510 3692 1639 3748 Tale
1667 3701 1752 3748 est
1790 3693 1892 3748 hoc
1929 3693 2088 3762 Quale
2139 3694 2186 3747 si

617 3781 738 3849 quis
763 3794 904 3848 a‘ger
935 3779 1005 3834 ad
1031 3780 1295 3835 medelam
1331 3781 1412 3835 sui
1454 3791 1510 3836 et
1545 3783 1810 3838 medicum
1851 3791 1908 3837 et
1949 3795 2184 3838 venena-

618 3871 756 3927 rium
790 3873 977 3936 vocet',
1007 3885 1129 3924 cum
1159 3870 1234 3923 illi
1261 3870 1474 3939 quidem
1511 3887 1707 3927 nocere
1732 3873 1945 3941 quidem
1983 3874 2188 3942 possint

2287 3691 2448 3762 734.
2465 3698 2670 3746 certum
2697 3690 2922 3759 estquia
2945 3690 2997 3744 in
3025 3690 3292 3758 agnitione
3313 3690 3411 3745 Dei
3447 3690 3688 3759 impediti
3715 3689 3870 3758 estis,

2285 3800 2392 3838 non
2413 3782 2875 3854 impossibilitatis,
2902 3782 2996 3837 sed
3026 3783 3250 3851 ignavize
3267 3782 3416 3837 vitio.
3435 3781 3568 3836 Nam
3592 3781 3640 3836 si
3666 3781 3868 3836 voluis-

2285 3874 2432 3940 setis,
2459 3887 2528 3927 ex
2554 3873 2637 3926 his
2666 3872 2794 3942 ipsis
2816 3871 3092 3926 inutilibus
3119 3871 3418 3926 simulacris
3441 3870 3684 3942 profecto
3711 3884 3876 3925 acce-

618 3960 923 4024 venenarii,
963 3966 1018 4012 et
1044 3972 1234 4011 curare
1259 3959 1486 4026 possint.
1540 3960 1710 4014 Verus
1739 3969 1919 4015 autem
1947 3962 2186 4016 medicus
2285 3965 2496 4036 pissetis
2537 3963 2901 4033 intelligentiae
2954 3964 3097 4018 viam
3179 4003 3194 4016 .
3275 4003 3290 4016 .
3370 4003 3386 4017 .
3462 4001 3478 4016 .
3559 4002 3575 4016 .
3653 4001 3670 4016 .
3749 4000 3767 4015 .
3847 3999 3864 4014 .

619 4048 842 4102 venenis
879 4046 1091 4101 illorum
1130 4054 1345 4102 recuset
1382 4061 1480 4102 sua
1519 4049 1910 4105 medicamenta
1934 4052 2184 4121 miseere,
2288 4097 2302 4112 .

622 4137 1530 4209 noautperniciesbonoautsan.
1608 4181 1624 4197 .
1701 4182 1716 4197 .
1794 4183 1807 4196 .
1886 4184 1900 4198 .
1981 4184 1995 4200 .
2073 4185 2089 4202 .
2168 4185 2182 4200 .
2290 4188 2305 4204 .
2400 4187 2414 4200 .
2514 4187 2527 4200 .
2632 4186 2645 4198 .
2724 4185 2740 4199 .
2811 4140 2835 4198 ⁷.
2903 4139 2929 4198 ’.
2994 4139 3024 4199 ’.
3104 4184 3117 4197 .
3199 4183 3215 4198 .
3293 4185 3307 4199 .
3386 4183 3399 4197 .
3479 4182 3494 4197 .
3572 4182 3588 4196 .
3666 4180 3684 4196 .
3761 4180 3780 4195 .
3857 4180 3875 4196 .

621 4507 3884 4570 .................D.....adnocendum.......

625 4637 642 4653 .
721 4638 736 4653 .
817 4635 833 4653 .
908 4635 926 4653 .
1000 4634 1017 4652 .
1095 4633 1111 4652 .
1189 4634 1204 4650 .
1283 4636 1299 4650 .
1376 4636 1392 4651 .
1471 4635 1487 4650 .
1565 4636 1580 4650 .
1658 4636 1673 4652 .
1752 4637 1767 4652 .
1846 4639 1860 4654 .
1949 4639 1963 4654 .
2061 4640 2074 4658 .
2171 4640 2187 4655 .
2293 4601 2531 4666 tandum,
2578 4599 2953 4656 seduccntibus
3028 4638 3043 4652 .
3121 4637 3134 4650 .
3214 4637 3229 4650 .
3307 4637 3322 4650 .
3402 4637 3416 4652 .
3493 4595 3779 4664 monibus,
3825 4598 3890 4649 ut

621 4688 876 4745 mundi.
953 4726 970 4742 .
1048 4727 1065 4743 .
1141 4727 1157 4743 .
1234 4727 1248 4740 .
1326 4725 1343 4743 .
1421 4727 1436 4743 .
1516 4728 1531 4742 .
1609 4729 1625 4744 .
1705 4729 1718 4743 .
1798 4731 1812 4745 .
1891 4731 1904 4745 .
1984 4734 1997 4746 .
2079 4733 2093 4746 .
2173 4733 2187 4747 .
2294 4694 2580 4765 quasimir
2652 4731 2669 4747 .
2746 4732 2761 4747 .
2839 4733 2855 4746 .
2933 4730 2947 4744 .
3027 4686 3593 4759 .utiliaperﬁcerent
3668 4727 3684 4742 .
3769 4727 3788 4742 .
3867 4721 3888 4740 .

621 4778 967 4848 rilargiatur
1048 4817 1065 4833 .
1145 4818 1160 4834 .
1237 4818 1252 4833 .
1331 4817 1346 4833 .
1425 4818 1440 4832 .
1518 4819 1532 4832 .
1611 4819 1628 4836 .
1706 4821 1719 4834 .
1793 4795 1813 4833 ·.
1894 4824 1908 4838 .
1987 4823 2001 4836 .
2080 4823 2094 4837 .
2174 4823 2189 4837 .
2298 4824 2313 4838 .
2391 4824 2406 4839 .
2485 4824 2500 4837 .
2576 4780 3312 4842 decstambuiarestatuas
3382 4817 3397 4830 .
3477 4816 3493 4830 .
3574 4817 3590 4831 .
3667 4815 3683 4829 .
3772 4814 3789 4829 .
3869 4811 3886 4827 .

623 4869 828 4925 doloris
868 4869 950 4924 sui
991 4869 1164 4924 lucem
1239 4907 1255 4923 .
1334 4909 1348 4922 .
1427 4909 1442 4924 .
1520 4909 1533 4923 .
1613 4910 1628 4924 .
1707 4911 1722 4924 .
1799 4911 1813 4924 .
1892 4912 1906 4924 .
1987 4912 2001 4925 .
2080 4913 2094 4927 .
2173 4910 2189 4926 .

2295 4893 2456 4934 canes
2480 4891 2669 4944 aereos,
2699 4887 2754 4929 et
2775 4872 3013 4944 lapides,
3090 4910 3104 4924 .
3183 4910 3198 4923 .
3277 4909 3292 4923 .
3371 4908 3387 4922 .
3435 4890 3486 4922 ο.
3561 4884 3660 4938 per
3692 4878 3889 4921 aerem

626 4967 924 5029 ceteraque
951 4959 1216 5014 elementa
1244 4960 1499 5015 exhibent
1524 4961 1856 5016 servitutem.
1887 4963 2124 5032 Denique
2175 5003 2189 5018 .

816 5091 831 5105 .
910 5092 928 5110 .
1001 5059 1188 5107 contra
1209 5051 1504 5108 bonitatem
1525 5052 1829 5109 Conditoris
1849 5055 2066 5122 fatigata
2088 5070 2200 5112 scc-

628 5139 829 5197 leribus
855 5144 1139 5213 impiorum
1169 5145 1455 5199 vincuntur
1480 5145 1638 5221 733
1667 5145 1960 5211 elementa;
2004 5143 2204 5206 exinde"

629 5240 742 5298 est,
787 5235 932 5302 quod
959 5244 1051 5290 aut
1078 5244 1236 5291 terra:
1265 5235 1468 5291 fructus
1497 5237 1889 5304 corrumpitur,
1938 5244 2031 5288 aut
2057 5237 2198 5290 aeris

631 5322 918 5392 temperies
946 5333 1269 5388 temeratur,
1327 5333 1419 5379 aut
1445 5340 1604 5394 supra
1632 5325 1848 5379 modum
1876 5325 2036 5378 ardor
2069 5326 2198 5379 solis

633 5414 959 5482 incenditur,
1014 5416 1101 5470 vel
1139 5417 1386 5472 imbrium
1426 5417 1776 5485 autrigorum
1815 5417 1896 5471 vis
1940 5417 2199 5472 immensa

633 5503 960 5558 diffunditur.
1019 5503 1077 5558 ln
1151 5544 1167 5558 .
1243 5545 1256 5558 .
1337 5546 1350 5560 .
1429 5547 1444 5560 .
1522 5546 1535 5560 .
1611 5514 1668 5560 et
1707 5507 1897 5561 mortis
1925 5506 2087 5560 facies
2115 5507 2200 5561 di-

633 5608 788 5652 versa
809 5595 1101 5664 percurrit;
1135 5593 1322 5649 festina
1349 5597 1488 5650 enim
1516 5604 1761 5650 creatura
1788 5597 1840 5650 in
1869 5597 2061 5667 impios
2083 5613 2202 5651 mo-

635 5693 850 5741 veretur
883 5686 952 5744 ad
992 5684 1310 5746 vindictam;
1366 5685 1461 5739 Dei
1500 5695 1676 5742 tamen
1715 5688 1927 5744 bonitas
1965 5690 2203 5758 reprimit

2298 4967 2433 5036 ignis
2457 4965 2616 5030 efﬁci,
2647 4963 2840 5018 mutari
2869 4978 2964 5033 per
2981 4962 3157 5016 varias
3181 4961 3395 5029 ﬁguras,
3428 4968 3482 5015 et
3509 4969 3731 5026 cetera,
3763 4969 3888 5026 qua:

2297 5057 2570 5112 Simonem
2608 5054 2756 5108 illum
2797 5051 3010 5121 Magum
3048 5051 3134 5105 vel
3178 5045 3402 5105 caiteros
3441 5048 3632 5104 fecisse
3663 5045 3888 5115 accepi-

2298 5163 2453 5211 mus;
2494 5160 2618 5200 nam
2648 5153 2704 5199 et
2728 5142 2944 5197 Jamnes
2979 5149 3038 5196 et
3078 5139 3346 5195 Mambres
3382 5139 3650 5194 faciebant
3674 5135 3888 5204 magias

2297 5245 2484 5292 contra
2535 5234 2756 5306 Moysen
2843 5273 2858 5286 .
2958 5272 2972 5285 .
3051 5272 3065 5285 .
3143 5269 3159 5283 .
3235 5270 3249 5283 .
3326 5237 3411 5283 est

2298 5327 2511 5382 diabolo
2541 5327 2595 5380 in
2671 5366 2686 5378 .
2763 5365 2777 5378 .
2855 5363 2869 5376 .
2952 5361 2966 5375 .
3043 5330 3254 5391 tempus
3281 5320 3456 5389 aliqua
3482 5317 3660 5374 facere
3685 5315 3760 5371 ad
3793 5327 3890 5367 se-

2299 5417 2596 5473 ducendum
2627 5414 2887 5481 inﬁdeles,
2918 5422 2977 5468 ut
3014 5428 3100 5467 ma
3177 5452 3192 5466 .
3270 5451 3284 5465 .
3360 5452 3375 5465 .
3450 5411 3506 5464 in
3528 5405 3629 5465 ﬁde
3668 5449 3682 5462 .
3768 5447 3785 5460 .
3868 5441 3888 5457 .

2299 5509 2532 5563 fidelium
2584 5523 2735 5562 mcns
2757 5547 2773 5571 ,
2821 5517 2878 5561 et
2923 5503 3162 5575 perﬁciat
3196 5504 3250 5557 in
3285 5502 3569 5558 dilectione
3596 5509 3647 5555 et
3681 5501 3893 5552 timore

2301 5601 2415 5662 Dei,
2458 5613 2558 5652 nec
2590 5599 2835 5651 vincatur
2879 5611 2910 5650 a
2947 5594 3090 5649 malo
3164 5633 3178 5647 .
3259 5633 3272 5646 .
3351 5633 3366 5646 .
3446 5633 3460 5646 .
3535 5600 3661 5645 tate.
3692 5588 3766 5641 Et
3792 5587 3894 5656 pi-

2303 5691 2497 5752 thones
2535 5687 2710 5742 futura
2739 5694 2795 5740 et
2822 5685 3031 5742 occulta
3072 5683 3384 5754 loquuntur,
3421 5691 3476 5739 et
3501 5696 3590 5738 no.
3663 5716 3677 5731 .
3763 5713 3782 5732 .
3866 5710 3893 5732 .
