4138 6196
331 383 439 441 793

326 493 556 552 colendo
602 491 887 563 aliquoties
984 530 999 545 .

324 584 536 641 occulta
560 583 765 647 dicunt,
813 581 1015 636 faciunt
1039 579 1258 651 quidem
1285 580 1416 645 haec,
1462 594 1571 633 non
1600 578 1906 643 Divinitate,

321 673 419 730 sed
462 673 791 743 malignitate
838 672 926 726 vel
956 671 1268 727 curiositate
1298 687 1313 736 ;
1362 669 1504 735 ideo,
1534 669 1672 723 sicut
1701 668 1906 723 dictum

319 774 427 833 est,
457 773 516 818 ut
560 763 833 828 seducant,
866 771 926 816 ut
952 761 1259 831 decipiant;
1300 760 1519 828 spiritus
1553 766 1679 813 sunt
1706 759 1821 827 vagi
1851 768 1908 813 et

318 852 598 916 insinceri,
626 852 970 922 pervolantes
996 859 1051 905 et
1077 856 1493 920 perscrutantes.
1518 846 1652 902 Nam
1673 864 1800 903 vere
1828 849 1904 904 illi

316 950 446 996 sunt
472 941 643 997 sancti
663 940 865 1007 famuli,
892 949 946 995 et
972 956 1099 996 vere
1130 941 1205 995 illi
1227 940 1454 996 ministri
1479 940 1594 1005 Dei,
1621 940 1713 1009 qui
1747 942 1898 1009 signa

313 1032 521 1088 faciunt
540 1032 744 1096 salutis,
769 1031 997 1085 etvitam
1018 1030 1244 1085 mortuis
1259 1030 1520 1096 tribuunt,
1543 1029 1813 1083 daemones
1827 1029 1903 1084 fu-

314 1132 447 1191 gant
470 1141 483 1177 :
508 1122 647 1177 unde
668 1130 724 1177 et
749 1137 877 1177 vere
896 1123 964 1177 ad
980 1122 1147 1177 Deum
1174 1121 1443 1191 pertinere
1470 1128 1782 1187 noscuntur,
1803 1136 1900 1176 cu-

312 1210 405 1280 jus
433 1212 629 1266 lumine
658 1211 955 1264 illuminant
981 1226 1172 1275 caseos,
1199 1210 1398 1265 virtute
1417 1217 1610 1265 sanant
1638 1208 1895 1275 inﬁrmos,

314 1302 683 1359 misericordia
735 1311 978 1358 mortuos
1020 1304 1372 1371 resuscitant,
1422 1303 1514 1372 qui
1564 1303 1620 1357 in
1684 1304 1901 1357 nomine

1350 375 1760 432 TRACTATUS
1822 375 1884 429 V.
1925 371 2199 429 CONTRA
2237 369 2532 427 JUDAZOS.

1088 530 1102 545 .
1183 531 1197 545 .
1278 531 1292 543 .
1371 531 1383 543 .
1464 530 1479 544 .
1557 530 1573 545 .
1648 490 1823 544 futura
1852 498 1908 543 et
1933 504 1985 562 Α
2008 488 2205 543 Christi
2230 487 2298 542 ad
2326 482 2727 541 similitudinem
2771 481 2890 551 ejus
2914 479 3081 535 multa
3111 488 3169 536 et
3194 478 3396 536 faciunt
3419 486 3475 534 et
3508 477 3587 536 fe-

3476 357 3589 418 794

2008 595 2132 635 cere
2158 580 2354 633 virtute
2393 576 2535 632 lidei.
2580 574 2717 643 Ergo
2744 581 3011 627 sectemur
3052 571 3247 626 borum
3283 569 3586 633 caritatem,

2004 683 2294 737 sequamur
2339 668 2528 721 horum
2559 663 2937 727 innocentiam,
2987 670 3047 715 ut
3095 660 3476 728 indulgentiam
3529 667 3586 714 et

2005 760 2466 814 mansuetudinem
2512 771 2697 813 eorum
2742 770 3037 822 servemus,
3066 762 3123 809 et
3167 769 3199 808 a
3252 753 3584 823 sempiterno

2002 851 2169 921 adjuti
2204 851 2337 915 Deo,
2367 858 2569 905 aeterno
2588 858 2644 904 et
2670 849 2829 903 beato
2856 845 2996 901 Filio
3016 859 3132 914 ejus
3154 858 3366 913 semper
3402 844 3577 897 hono-

2001 958 2118 998 rem
2166 941 2464 998 deferamus
2500 948 2555 995 et
2604 938 2788 993 laudes
2838 945 3097 998 aeternas;
3150 934 3324 1002 ipsum
3360 930 3578 986 Patrem

2004 1042 2059 1089 et
2086 1034 2275 1089 Filium
2304 1036 2587 1089 adorantes
2613 1040 2670 1087 et
2696 1031 3015 1087 conlltentes
3043 1029 3097 1083 in
3135 1014 3339 1099 Spirit‘t
3366 1034 3576 1092 sancto,

2004 1126 2088 1180 cui
2116 1125 2282 1193 gloria
2310 1134 2364 1180 et
2398 1123 2649 1193 majestas
2677 1123 2731 1176 in
2758 1120 2970 1177 saecula.
3002 1119 3191 1173 Amen.
3220 1117 3333 1173 Deo
3353 1114 3573 1185 gratias,

2003 1228 2235 1285 semper.

1479 1437 2170 1527 TRACTATUS
2244 1444 2360 1527 ν.

1658 1593 1906 1645 CONTRA
1936 1593 2229 1648 JUD/EOS.‘

308 1682 311 1683 7
384 1704 548 1775 735
574 1702 768 1757 Dicunt
794 1696 1084 1755 secundum
1113 1696 1348 1753 litteram
1374 1695 1543 1751 Judaei
1570 1710 1679 1751 non
1705 1710 1899 1751 secun-
1929 1700 1976 1759 Β
2002 1707 2058 1752 et
2085 1700 2197 1769 ipse
2224 1698 2389 1755 Jacob
2417 1700 2684 1755 benedicit
2716 1699 2854 1755 filios
2881 1699 3076 1771 Ioseph
3107 1700 3199 1755 lilii
3227 1701 3307 1755 sui
3330 1699 3569 1756 minoris.

307 1791 444 1847 dum
519 1832 534 1847 .
614 1828 628 1843 .
707 1829 724 1846 .
801 1826 818 1842 .
894 1826 909 1841 .
983 1786 1421 1841 adhortaturnos
1470 1786 1613 1841 ratio
1686 1824 1702 1839 .
1778 1823 1796 1840 .
1873 1826 1891 1842 .

415 1926 430 1940 .
502 1884 697 1939 fratres
733 1879 1118 1950 aliquantulum
1156 1893 1255 1950 pre
1326 1918 1344 1933 .
1421 1918 1437 1933 .
1515 1918 1533 1934 .
1607 1917 1623 1933 .
1701 1918 1729 1959 ._
1798 1893 1894 1935 ore

307 1982 506 2030 contra
547 1970 781 2037 Judzeos,
810 1969 897 2024 vel
972 2008 988 2023 .
1063 2006 1081 2023 .
1156 2006 1172 2021 .
1251 2006 1267 2021 .
1344 2006 1361 2022 .
1435 1967 1514 2022 eis
1560 1982 1681 2024 cum
1716 1976 1895 2022 vestra

307 2062 597 2117 sanctitate
624 2075 748 2115 con.
826 2097 845 2113 .
919 2096 936 2111 .
1013 2096 1029 2111 .
1125 2096 1143 2114 .
1219 2096 1235 2112 .
1318 2065 1373 2112 et
1400 2058 1574 2128 primo
1604 2057 1736 2113 illud
1764 2060 1893 2113 mihi

310 2150 712 2209 ostendendum
737 2154 841 2215 est,
870 2146 1014 2217 quod
1041 2147 1129 2202 hic
1148 2146 1376 2217 populus
1404 2162 1435 2201 a
1462 2147 1648 2202 mundi
1673 2147 1895 2203 exordio

306 2243 493 2298 divina
543 2239 883 2297 Providentia
912 2237 1255 2307 reprobaturj,
1303 2244 1361 2295 et
1410 2252 1641 2307 sequens
1667 2238 1895 2307 populus

305 2334 546 2401 eligitur,
574 2339 735 2399 atque
762 2328 1050 2383 assumitur
1073 2342 1142 2381 ex
1169 2326 1437 2394 gentibus,
1468 2327 1520 2381 id
1546 2334 1629 2380 est
1664 2328 1894 2397 populus

306 2422 667 2484 Christianus,
698 2427 754 2472 et
778 2426 838 2472 ut
862 2417 1063 2473 certius
1091 2416 1419 2485 approbetur
1463 2416 1607 2486 quod
1644 2416 1891 2482 dicimus,

304 2514 379 2567 ab
412 2512 528 2581 ipso
575 2509 748 2579 primo
786 2507 1003 2562 homine
1049 2505 1223 2561 Adam
1265 2520 1537 2560 sumamus
1593 2507 1891 2561 exordium.

304 2599 484 2655 Adam
505 2597 686 2667 genuit
704 2595 837 2651 Cain
856 2603 912 2650 et
938 2596 1091 2651 Abel.
1122 2593 1255 2649 Cain
1282 2604 1412 2650 natu
1438 2596 1611 2664 major
1639 2597 1895 2667 populum

304 2685 959 2759 designabatludaeorum.
984 2685 1089 2740 Iste
1105 2685 1382 2755 repellitur
1396 2686 1465 2741 ob
1486 2684 1689 2742 facinus
1716 2701 1894 2755 suum,

305 2785 366 2833 et
396 2777 530 2832 Abel
576 2776 754 2831 minor
799 2784 929 2829 natu
976 2774 1285 2841 assumitur,
1321 2774 1411 2842 qui
1458 2775 1713 2844 populum
1740 2765 1896 2830 Chi-i-

306 2868 546 2921 stianum
576 2863 930 2929 ostendebat;
968 2863 1278 2934 reprobavit
1304 2864 1447 2918 enim
1474 2865 1613 2920 Deus
1635 2866 1895 2920 sacrificia

310 2957 468 3021 Cain,
496 2966 553 3013 et
595 2956 728 3013 Abel
757 2955 1079 3012 sacriﬁcium
1125 2956 1434 3025 assumpsit.
1466 2953 1738 3011 Occiditur
1781 2957 1895 3027 ipse

1995 1789 2113 1845 Jam
2137 1792 2403 1861 intelligis,
2435 1800 2491 1847 et
2518 1794 2573 1846 in
2600 1792 2796 1861 Joseph
2835 1793 2995 1862 736
3032 1793 3225 1846 minori
3255 1793 3363 1845 lilio
3392 1808 3567 1861 popu-

1996 1882 2107 1935 lum
2136 1882 2497 1937 Christianum
2526 1883 2779 1938 ostendit.
2812 1882 3088 1937 Bcnedicit
3111 1898 3238 1951 ergo
3266 1883 3430 1938 Jacob
3454 1883 3572 1937 illos

1996 1976 2133 2032 duos
2151 1992 2368 2046 pueros,
2390 1986 2445 2030 et
2465 1976 2617 2045 ponit
2643 1991 2857 2030 manum
2888 1976 3096 2041 laevam,
3123 1975 3175 2028 id
3196 1983 3278 2029 est
3305 1974 3572 2029 sinistram

1995 2083 2157 2136 super
2182 2074 2341 2136 caput
2369 2066 2587 2134 majoris
2626 2074 2752 2119 natu
2772 2108 2787 2133 ,
2823 2073 2877 2120 et
2903 2065 3179 2119 dexteram
3210 2079 3371 2132 super
3413 2070 3571 2132 caput

1995 2158 2238 2223 minoris,
2271 2164 2331 2211 ut
2358 2156 2667 2211 ostenderet
2694 2156 2953 2209 minorem
2984 2154 3217 2207 futurum
3247 2168 3365 2207 esse
3394 2152 3569 2205 hono-

1996 2248 2302 2301 rabiliorem
2348 2254 2509 2315 atque
2545 2244 2824 2311 majorem.
2869 2243 3078 2313 Moyses
3119 2256 3333 2311 quoque
3379 2241 3568 2308 accipit

1995 2338 2234 2403 tabulas,
2260 2342 2315 2390 et
2341 2341 2559 2404 propter
2586 2333 2797 2402 culpam
2828 2332 3011 2402 populi
3049 2329 3274 2400 projecit
3314 2344 3432 2393 eas;
3479 2343 3565 2382 se-

1996 2426 2169 2482 cundo
2190 2425 2321 2478 alias
2340 2424 2668 2492 conscriptas
2687 2422 2881 2492 accipit
2899 2429 2953 2476 et
2972 2428 3229 2486 reservat,
3256 2421 3272 2452 ¹
3297 2427 3455 2489 atque
3479 2434 3566 2472 sa-

1996 2516 2103 2571 cris
2151 2513 2511 2570 voluminibus

2000 2644 2016 2660 ο
2102 2643 2117 2658 ο
2201 2644 2215 2657 ο
2296 2643 2313 2668 ’
2389 2643 2405 2657 ο
2484 2644 2498 2658 Ι
2580 2645 2595 2660 ο
2672 2644 2686 2659 ο
2770 2643 2785 2657 ο
2863 2644 2877 2661 ο
2958 2643 2973 2658 I
3053 2641 3068 2658 ο
3150 2641 3166 2658 ο
3244 2642 3258 2656 ο
3335 2642 3351 2658 ο
3444 2640 3460 2655 ο
3545 2640 3563 2657 ο

1995 2697 2017 2727 ’
2028 2694 2341 2766 Prophetam
2355 2696 2418 2749 de
2428 2706 2574 2766 gente
2593 2702 2703 2759 tua,
2721 2693 2843 2749 etde
2855 2694 3104 2765 fratribus
3120 2694 3320 2759 uestris;
3338 2693 3472 2746 sicut
3488 2708 3568 2745 me

1994 2786 2140 2840 illum
2169 2786 2359 2839 audite.
2383 2786 2431 2839 Ε
2436 2787 2501 2839 rit
2514 2788 2678 2840 enim:
2695 2785 2861 2840 omnis
2878 2784 3073 2849 anima,
3089 2799 3202 2854 qua:
3218 2798 3319 2835 non
3348 2780 3568 2833 audierit

1995 2878 2293 2948 prapltetam
2322 2877 2753 2945 illum,interierit
2772 2876 2836 2929 de
2865 2875 3050 2947 papqu
3067 2891 3158 2928 suo
3186 2872 3363 2944 (Deut.
3395 2870 3569 2940 xvm).

1997 2965 2317 3037 Prophetam
2343 2965 2476 3020 dixit
2502 2965 2791 3030 Christum,
2816 2965 2939 3035 quia
2961 2964 3226 3033 propheta
3248 2971 3333 3017 est
3357 2962 3440 3017 sui
3466 2959 3570 3013 Pa-

311 3049 451 3104 Abel
478 3063 509 3102 a
536 3046 702 3113 Cain;
745 3054 800 3102 et
820 3046 1058 3101 nascitur
1082 3046 1217 3100 alius
1560 3046 1612 3100 in
1641 3047 1760 3102 1000
1780 3046 1895 3116 ejus
1921 3055 1968 3118 C
2001 3057 2094 3111 [ris
2119 3064 2174 3113 el,
2348 3054 2604 3111 Dominus
2632 3064 2811 3109 autem
2845 3061 2900 3109 ct
2938 3054 3081 3109 Deus
3104 3061 3186 3108 est
3217 3052 3394 3107 omnis
3418 3064 3572 3105 cfea.

313 3138 538 3193 nomine
566 3136 719 3191 Seth.
750 3135 1046 3191 Considera
1094 3136 1428 3206 mysterium.
1460 3135 1591 3189 Abel
1620 3136 1792 3190 luctus
1821 3138 1903 3191 in-

313 3236 657 3299 lerpretatur,
680 3228 810 3282 Seth
830 3227 1174 3282 resurrectio.
1196 3224 1336 3297 Ergo
1352 3226 1406 3280 in
1430 3226 1546 3281 istis
1579 3226 1662 3282 his
1689 3226 1899 3282 duobus

316 3322 575 3377 fratribus
600 3320 917 3375 minoribus.
1018 3358 1035 3373 .
1132 3358 1148 3373 .
1225 3358 1240 3371 .
1319 3357 1333 3372 .
1412 3358 1427 3373 .
1507 3359 1521 3373 .
1600 3358 1614 3372 .
1694 3356 1708 3371 .
1787 3355 1804 3371 .
1881 3357 1897 3371 .

314 3776 447 3843 quia
476 3774 776 3840 mandatur,
806 3781 861 3829 et
888 3782 947 3829 ut
974 3774 1239 3843 relinquat
1268 3774 1474 3844 priores
1501 3790 1713 3829 errores
1738 3783 1792 3830 et
1811 3789 1906 3830 ve-

315 3872 465 3919 tusta
492 3864 637 3930 vitia,
663 3872 718 3920 et
737 3872 893 3920 exeat
914 3864 1058 3930 inde,
1078 3864 1447 3936 elllciaturque
1476 3866 1528 3919 in
1551 3874 1763 3934 gentem
1790 3880 1905 3919 ma-

314 3968 500 4021 gnam,
530 3954 583 4008 id
612 3961 695 4008 est
736 3953 789 4008 in
818 3954 1017 4025 populo
1044 3953 1190 4009 lideli
1214 3951 1539 4021 Christiano,
1572 3962 1688 4009 toto
1731 3963 1904 4009 terra-

314 4058 443 4097 rum
482 4044 612 4098 orbe
652 4043 876 4111 dili'uso;
920 4045 1062 4099 unde
1107 4043 1382 4114 Scriptura
1429 4044 1781 4099 annuntiabat
1820 4044 1904 4098 di-

315 4147 455 4187 cens
485 4150 497 4185 :
525 4131 687 4188 Eritis
739 4142 925 4202 gentes
970 4134 1024 4189 in
1069 4142 1231 4204 caput
1256 4134 1567 4199 Christiani,
1600 4135 1905 4190 incredulus

317 4230 505 4276 autem
537 4222 765 4292 populus
792 4222 846 4276 in
875 4222 1062 4289 cauda,
1091 4223 1144 4277 id
1181 4230 1263 4277 est
1301 4222 1488 4277 Judtei.
1519 4221 1717 4278 Genuit
1743 4223 1906 4277 Abra-

317 4312 451 4367 bam
480 4311 615 4367 duos
644 4310 801 4378 ﬁlios,
832 4312 1025 4371 Ismael
1052 4322 1108 4368 et
1136 4313 1301 4368 Isaac.
1342 4313 1531 4369 Ismael
1565 4314 1738 4383 major
1775 4321 1904 4369 natu

2002 3156 2133 3201 tunc
2165 3165 2178 3199 :
2209 3147 2275 3201 de
2301 3146 2418 3215 ipso
2447 3146 2657 3201 dicebat
2686 3146 2880 3199 iterum
2909 3143 3121 3214 Moyses
3147 3142 3200 3196 in
3229 3142 3365 3195 libro
3393 3139 3572 3194 Gene-

1999 3252 2123 3292 seos
2160 3236 2309 3308 (Cap.
2340 3235 2419 3307 1):
2453 3235 2520 3289 In
2555 3235 2810 3305 principio
2840 3235 2962 3304 fecit
2991 3232 3130 3286 Deus
3170 3232 3349 3285 coelum
3386 3240 3435 3284 et
3474 3238 3573 3283 ter-

1998 3344 2155 3393 ram;
2203 3327 2291 3381 hic
2329 3324 2647 3395 principium
2686 3322 2877 3376 Filium
2923 3329 3132 3384 laxans,
3180 3321 3235 3373 in
3278 3334 3387 3388 quo
3435 3319 3574 3373 Deus

2000 3418 2161 3473 Pater
2206 3416 2330 3471 fecit
2356 3415 2549 3470 cmlum
2578 3421 2633 3468 et
2662 3422 2879 3476 terram,
2913 3410 3058 3481 quod
3086 3409 3361 3479 apostolus
3389 3415 3574 3462 noster

2001 3507 2197 3561 Paulus
2224 3504 2392 3576 Moysi
2415 3503 2847 3575 prosecutionem
2873 3507 3151 3563 attestans,
3184 3497 3415 3563 dicebat,
3453 3497 3575 3567 quia

2000 3601 2054 3653 in
2086 3598 2284 3652 Christo
2312 3606 2484 3651 creata
2505 3603 2623 3649 sunt
2650 3594 2824 3648 omnia
2852 3608 2965 3662 qua:
2992 3600 3109 3644 sunt
3128 3591 3181 3643 in
3204 3589 3361 3653 aulis,
3392 3594 3440 3641 et
3460 3602 3573 3657 qua

2002 3697 2118 3743 sunt
2144 3690 2199 3742 in
2238 3697 2407 3753 terra,
2436 3683 2657 3740 risibilia
2694 3692 2743 3737 et
2774 3681 3049 3737 invisibilia
3068 3722 3083 3749 ,
3124 3680 3225 3733 sive
3251 3676 3395 3731 sedes
3414 3719 3431 3744 ,
3472 3678 3576 3730 sive

2003 3778 2373 3833 dominationes
2404 3775 2621 3846 (Coloss.
2652 3774 2693 3843 ι)
2732 3780 2787 3828 et
2815 3779 3030 3837 czetera,
3080 3784 3197 3839 qua:
3240 3768 3311 3822 ibi
3338 3781 3574 3836 sequun-

2002 3879 2107 3924 tur.
2138 3869 2195 3922 In
2233 3867 2497 3938 principio
2531 3880 2661 3934 ergo
2708 3864 2831 3920 fecit
2869 3864 3010 3918 Deus
3034 3861 3226 3917 caelum
3268 3867 3324 3914 et
3357 3866 3575 3913 terram.

2004 3957 2327 4026 Principium
2346 3955 2592 4011 Christus
2613 3962 2713 4019 est,
2737 3954 2828 4024 qui
2855 3952 3067 4007 dicebat
3082 3965 3177 4021 per
3200 3948 3539 4003 Salomonem
3561 3964 3574 3998 :

2004 4047 2025 4078 ³
2054 4045 2310 4100 Dominus
2353 4047 2544 4099 creavit
2581 4060 2664 4097 me
2709 4043 3020 4113 principium
3057 4041 3251 4094 viarum
3291 4053 3501 4092 suarum
3528 4035 3579 4089 in

2003 4134 2641 4207 operama(Prov.vut).
2721 4173 2736 4188 .
2813 4172 2827 4187 .
2908 4173 2922 4187 .
2999 4169 3016 4186 .
3095 4171 3111 4186 .
3188 4171 3203 4185 .
3280 4170 3295 4185 .
3376 4169 3391 4184 .
3469 4168 3486 4184 .
3562 4166 3579 4184 .

2007 4267 2022 4284 ο
2104 4266 2121 4283 0
2213 4265 2231 4281 0
2312 4264 2329 4281 ο
2410 4264 2428 4280 0
2508 4264 2523 4280 ο
2603 4262 2619 4277 ο
2699 4263 2715 4277 0
2794 4254 2996 4277 ,⁷ου
3073 4260 3090 4276 ο
3168 4260 3185 4275 0
3262 4258 3278 4274 0
3356 4259 3373 4275 ο
3460 4257 3477 4273 ο
3565 4260 3580 4276 ο

318 4400 426 4455 fuit
452 4415 515 4455 ex
546 4401 739 4456 ancilla
762 4402 923 4471 Agar,
945 4402 1092 4459 Isaac
1119 4403 1296 4458 minor
1322 4410 1452 4456 natu
1476 4417 1543 4457 ex
1564 4402 1730 4457 libera
1748 4402 1901 4471 Sara,
1930 4413 1983 4475 ι)
2007 4417 2100 4464 aut
2119 4406 2367 4463 fundatus
2403 4411 2487 4461 est
2514 4402 2660 4460 orbis
2685 4408 2841 4457 terra:
2915 4438 2932 4455 .
3007 4439 3023 4453 .
3100 4436 3116 4452 .
3192 4436 3208 4450 .
3286 4435 3302 4450 .
3374 4402 3584 4465 pararet

320 4490 472 4561 quod
499 4492 775 4561 apostolus
802 4500 986 4547 noster
1014 4491 1227 4559 Paulus,
1266 4494 1358 4562 qui
1386 4501 1442 4549 et
1478 4494 1594 4563 ipse
1621 4509 1688 4549 ex
1714 4494 1911 4551 Judteis
2010 4502 2207 4558 caelum
2281 4538 2297 4553 .
2376 4536 2392 4552 .
2471 4537 2488 4553 .
2564 4536 2580 4551 .
2655 4535 2672 4551 .
2746 4493 2989 4550 Christus
3026 4489 3279 4547 Dominus
3306 4487 3470 4543 Filius
3494 4487 3585 4542 Dei

240 4615 253 4647 ._
322 4582 649 4650 crediderat,
689 4584 901 4640 dicebat
947 4603 960 4637 :
1004 4585 1123 4639 1am
1163 4602 1267 4640 non
1310 4602 1486 4639 sumus
1528 4587 1734 4642 ancilla
1775 4588 1906 4657 ﬁlii,
2009 4593 2125 4661 ipse
2149 4598 2250 4647 est.
2362 4629 2377 4644 .
2491 4628 2506 4643 .
2605 4626 2621 4641 .
2721 4626 2735 4641 .
2814 4627 2830 4641 .
2909 4624 2923 4639 .
3003 4622 3019 4637 .
3097 4621 3113 4636 .
3191 4620 3207 4636 .
3286 4618 3302 4634 .
3380 4618 3395 4633 .
3569 4616 3584 4631 .

324 4673 975 4748 sedliberw(Galat.tv).
1052 4714 1068 4729 .
1145 4715 1161 4730 .
1240 4715 1257 4731 .
1331 4715 1346 4731 .
1425 4716 1441 4732 .
1517 4715 1534 4733 .
1611 4715 1628 4731 .
1702 4715 1719 4731 .
1796 4716 1812 4733 .
1889 4716 1907 4732 .
2012 4721 2030 4736 .
2104 4721 2120 4735 .
2198 4720 2213 4734 .
2292 4718 2306 4733 .
2386 4718 2400 4733 .
2478 4716 2493 4730 .
2558 4676 2823 4732 dicebat.
2897 4715 2912 4730 .
2988 4714 3005 4729 .
3084 4712 3099 4727 .
3176 4711 3192 4726 .
3270 4711 3285 4725 .
3365 4707 3381 4723 .
3460 4667 3586 4722 Fir-

332 5221 485 5279 vides
511 5222 636 5291 quia
672 5220 821 5292 prior
846 5220 1197 5291 reprobatur,
1227 5228 1283 5276 et
1309 5235 1539 5290 sequens
1585 5222 1904 5288 assumitur;

410 5395 426 5425 ¹
452 5392 662 5468 Excidit
688 5406 808 5461 ergo
839 5388 1091 5468 (Moyses)
1114 5388 1244 5468 duas
1273 5388 1473 5442 tabulas
1501 5388 1752 5457 lapideas,
1776 5404 1909 5468 gua-

335 5463 413 5517 les
448 5474 601 5516 antea
636 5458 857 5522 fuerant,
884 5468 933 5511 et
954 5458 1032 5511 ide
1065 5458 1212 5511 nocte
1247 5474 1555 5522 consurgens
1597 5458 1826 5510 ascendit
1856 5459 1913 5509 in

337 5544 564 5585 montem
598 5528 771 5595 Sinai,
812 5531 941 5598 sicut
976 5538 1286 5598 praeceperat
1330 5528 1380 5580 ei
1421 5528 1673 5580 Dominus
1700 5534 1915 5596 portans

336 5618 509 5656 secum
532 5600 749 5654 tabulas.
773 5597 943 5652 Exod.
966 5597 1147 5651 Xutv.

415 5675 434 5704 ³
457 5670 772 5740 Prophetant
803 5669 868 5721 de
900 5676 1047 5740 gente
1071 5676 1155 5720 tua
1179 5666 1318 5740 etde
1346 5665 1591 5740 fratribus
1615 5665 1713 5740 tuis
1753 5666 1915 5718 susci-

341 5740 474 5799 tabit
503 5736 591 5795 tibi
620 5738 872 5795 Dominus
901 5736 1039 5792 Deus
1070 5745 1203 5803 tuus,
1234 5737 1399 5805 ipsum
1426 5736 1601 5789 audies
1618 5754 1635 5800 ;
1664 5736 1793 5788 sicut
1821 5753 1913 5805 pe-

2008 4778 2334 4833 mamentum,
2367 4775 2416 4821 et
2445 4768 2639 4837 factum
2665 4774 2741 4819 est
2764 4766 3174 4834 ﬁrmamentum,
3202 4762 3334 4831 ﬁant
3371 4759 3588 4812 lumina—

2008 4860 2089 4913 ria
2116 4858 2170 4910 in
2198 4858 2521 4927 firmamento
2544 4854 2676 4917 carli,
2700 4854 2779 4909 sic
2804 4862 2860 4905 ut
2888 4854 3089 4906 luceant
3117 4868 3269 4921 super
3307 4858 3519 4917 terram,
3543 4858 3587 4901 et

1889 4985 1905 5001 .
2008 4948 2127 5023 fecit
2167 4947 2266 4999 duo
2295 4944 2572 4998 luminaria
2609 4943 2780 5012 majus
2806 4952 2855 4996 et
2894 4943 3081 4995 minus.
3114 4940 3392 4994 Luminare
3424 4939 3593 5007 majus

2009 5038 2062 5092 in
2086 5036 2462 5091 inchoationem
2500 5034 2623 5100 diei,
2656 5041 2706 5087 et
2733 5034 2985 5087 luminare
3019 5032 3187 5084 minus
3214 5031 3271 5084 in
3307 5029 3589 5083 inchoatio-

2012 5144 2127 5182 nem
2149 5127 2312 5181 noctis
2342 5123 2551 5195 (Cenes.
2586 5124 2646 5195 ι).
2676 5122 2817 5191 Ergo
2850 5123 2991 5176 Deus
3013 5120 3165 5185 dixit,
3197 5126 3252 5175 et
3278 5119 3418 5174 Deus
3444 5116 3589 5172 fecit.

2015 5219 2154 5275 Audi
2182 5218 2373 5277 adhuc.
2402 5216 2532 5272 dicit
2558 5216 2700 5271 Deus
2731 5233 2743 5268 :
2774 5214 3054 5268 Faciamus
3084 5214 3338 5268 hominem
3370 5211 3439 5264 ad
3461 5212 3591 5263 ima-

2018 5389 2125 5440 tisti
2154 5404 2185 5439 a
2217 5386 2436 5440 Domino
2464 5385 2572 5439 Deo
2608 5395 2692 5439 tuo
2730 5386 2781 5437 in
2799 5384 2993 5439 Iloreb.
3027 5383 3246 5449 Quando
3275 5382 3449 5437 concio
3469 5396 3590 5433 con-

2020 5467 2233 5527 gregata
2260 5466 2353 5519 est,
2380 5465 2530 5527 atque
2559 5455 2738 5509 dixisti
2759 5455 2898 5508 ultra
2926 5471 3029 5509 non
3059 5456 3265 5508 audiant
3294 5467 3462 5507 vocem
3488 5449 3589 5503 Do-

2019 5524 2146 5579 mini
2177 5525 2271 5578 Dei
2295 5524 2416 5591 mei,
2446 5524 2551 5579 etc.

2097 5595 2118 5625 ³
2148 5594 2244 5648 Hic
2289 5587 2439 5647 locus
2467 5594 2777 5661 desumptus
2805 5600 2887 5647 est
2924 5608 2988 5647 ex
3026 5608 3145 5662 cap.
3175 5609 3263 5646 vm
3292 5590 3474 5651 Prov.,
3505 5587 3589 5641 ubi

2021 5663 2213 5731 legitur
2243 5682 2255 5715 :
2285 5662 2537 5715 Dominus
2557 5664 2779 5729 possedit
2803 5680 2880 5716 mc
2901 5663 2953 5716 in
2978 5664 3123 5716 initio
3145 5664 3339 5715 viarum
3365 5672 3587 5718 suarum,

2025 5744 2293 5801 antequam
2315 5732 2588 5801 quidquam
2614 5734 2806 5799 faceret
2830 5749 2862 5785 a
2885 5733 3159 5801 principio,
3191 5738 3294 5785 ctc.

3639 1246 3646 1284 ι
