4138 6196
573 355 677 413 795

1773 351 1827 410 S.
1867 349 2110 408 MAXIM!
2147 348 2602 407 TAURINENSIS

3739 341 3836 402 796

569 476 743 551 ginem
778 479 830 528 et
853 471 1243 527 similitudinem
1284 478 1549 536 nostram;
1583 477 1633 524 et
1673 470 1792 541 fecit
1829 467 1968 522 Deus
1993 468 2159 522 homi-
2185 470 2234 528 Α
2261 467 2388 521 tatis
2414 475 2470 522 et
2490 466 2806 535 ignorantia:
2843 465 3098 521 tenebras
3120 479 3229 520 non
3275 462 3623 534 derelinquit.
3651 461 3844 518 Paravi

571 583 708 633 nem,
732 564 803 619 ad
828 565 1104 635 imaginem
1132 561 1230 617 Dei
1261 564 1382 634 fecit
1397 562 1542 616 illum
1569 561 1727 633 (Gen.
1755 561 1818 630 ι).
1852 561 1992 616 Dicit
2020 558 2159 616 forte

571 654 825 710 indutus:
876 653 957 708 Ad
985 653 1206 720 angelos
1244 652 1386 708 Deus
1428 653 1582 707 dixit.
1614 651 1963 706 Convincitur
1999 651 2052 706 in
2091 666 2160 708 eo

573 748 716 820 quod
741 747 938 802 dicitur
963 753 1014 800 et
1042 745 1182 800 Deus
1212 747 1331 817 fecit
1351 746 1642 810 hominem;
1687 760 1795 799 non
1822 744 1965 799 enim
1994 757 2160 812 ange-

572 840 696 908 geli,
727 839 886 908 737
913 837 1068 903 dixit,
1095 835 1354 900 fecerunt,
1387 835 1482 890 sed
1509 834 1670 898 Deus,
1693 834 1886 902 inquit,
1914 833 2038 905 fecit
2058 832 2156 885 ho-

575 932 783 984 minem.
799 927 940 982 Deus
955 926 1110 994 dixit,
1123 933 1180 981 et
1191 925 1332 983 Deus
1347 925 1499 991 fecit;
1515 924 1567 979 id
1583 933 1666 979 est
1680 923 1842 978 Pater
1855 923 2156 993 imperavit,

575 1027 632 1076 et
655 1019 818 1073 Filius
843 1016 1168 1087 adimplevit.
1198 1013 1264 1069 Et
1282 1015 1413 1070 illud
1432 1014 1714 1070 considera
1733 1013 1879 1083 quod
1899 1013 2158 1084 scriptum

576 1108 789 1181 (Genes.
816 1108 967 1179 xvm)
996 1114 1080 1163 est
1102 1106 1170 1162 de
1197 1107 1485 1172 Abraham,
1501 1106 1594 1175 qui
1623 1104 1709 1178 [F.
1738 1102 1888 1175 quia]
1911 1103 2159 1174 apparuit

576 1199 653 1254 illi
683 1199 824 1254 Dens
863 1197 931 1252 ad
957 1213 1213 1266 quercum
1243 1196 1514 1262 Mamhre;
1540 1203 1596 1249 et
1623 1194 1967 1266 postmodum
1994 1195 2160 1249 habet

574 1292 851 1360 Scriptura
880 1289 1072 1360 (Ibid.)
1097 1289 1151 1343 in
1173 1289 1456 1343 exustione
1475 1287 1724 1342 Sodomae
1749 1294 1804 1342 et
1823 1285 2156 1351 Gomorrhte,

573 1383 719 1453 quod
737 1381 993 1436 Dominus
1014 1395 1046 1434 a
1066 1379 1293 1434 Domino
1320 1379 1516 1449 pluerit
1543 1377 1718 1446 ignem
1739 1385 1795 1432 et
1821 1376 2043 1446 sulphur
2062 1391 2156 1430 su-

575 1488 675 1544 per
702 1472 919 1527 easdem
942 1471 1206 1525 civitates.
1238 1469 1378 1536 Ergo
1404 1477 1488 1523 est
1517 1467 1678 1523 Pater
1705 1475 1760 1522 et
1779 1467 1964 1531 Filius,
1989 1483 2020 1522 a
2047 1482 2156 1536 quo

577 1565 756 1630 Patre,
791 1564 844 1618 id
874 1572 956 1618 est
977 1577 1046 1617 ex
1073 1561 1229 1630 cujus
1253 1561 1494 1630 jussione
1524 1560 1659 1630 pluit
1683 1558 1850 1614 Filius
1895 1559 2073 1628 ignem
2101 1567 2157 1614 et

577 1655 821 1724 sulphur.
853 1653 912 1708 In
941 1653 1079 1707 Filio
1107 1667 1235 1721 ergo
1280 1652 1408 1707 fecit
1435 1650 1576 1707 Deus
1613 1651 1807 1706 cmlum
1849 1658 1904 1706 et
1932 1659 2153 1718 terram,

575 1748 666 1818 qui
695 1753 812 1802 erat
829 1753 954 1800 ante
974 1745 1168 1800 caelum
1189 1754 1244 1800 et
1265 1753 1494 1800 terram:
1520 1760 1698 1799 nonne
1722 1752 1849 1801 ante
1874 1744 2000 1800 facti
2029 1753 2156 1800 sunt

2261 558 2526 611 lucernam
2549 554 2756 611 Christo
2793 573 2904 610 meo
2933 572 2952 610 :
2983 557 3180 611 iterum
3219 555 3274 610 in
3303 554 3566 611 Joannem
3601 564 3843 612 sanctum

2261 648 2389 714 dici,
2412 649 2755 717 intelligimus
2782 648 3056 702 lucernam
3085 648 3340 719 p0pulum
3367 648 3758 704 illuminantem
3776 648 3844 708 de

2260 739 2367 794 isto
2395 739 2626 794 Domino
2663 738 2944 793 Salvatore
2989 748 3047 794 et
3073 739 3141 795 de
3167 738 3286 807 ejus
3314 738 3546 794 adventu
3591 738 3645 792 in
3683 754 3844 796 carne

2259 829 2465 884 futuro.
2493 828 2560 884 Et
2584 829 2748 883 Isaias
2776 829 3144 884 sanctissimus
3183 829 3503 898 loquebatur
3527 845 3540 881 :
3574 827 3846 899 Confortu-

2259 919 2406 987 mini,
2436 918 2628 988 inquit,
2654 935 2838 973 manus
2859 919 3098 973 resoluta:
3133 927 3183 972 et
3211 934 3380 991 genua
3425 916 3616 972 debilia
3643 925 3702 972 ct
3723 925 3846 987 post

2258 1024 2425 1080 pauca
2446 1010 2521 1064 ait
2551 1028 2566 1064 :
2597 1009 2737 1065 Deus
2757 1019 2932 1064 noster
2945 1009 3202 1080 judicium
3221 1007 3499 1076 retribuet;
3530 1010 3638 1080 ipse
3657 1010 3840 1074 veniet,

2258 1099 2477 1156 salvabit
2507 1117 2606 1157 nos
2627 1117 2646 1156 :
2673 1109 2792 1156 tunc
2822 1102 3116 1171 aperientur
3158 1101 3293 1155 oculi
3313 1116 3590 1166 caecorum,
3617 1109 3668 1155 et
3695 1117 3844 1158 aures

2259 1195 2528 1250 surdorunt
2561 1193 2769 1248 audient
2797 1193 2819 1264 (
2843 1193 2979 1248 Isai.
3006 1192 3233 1264 xxxv),
3283 1200 3340 1248 et
3365 1202 3582 1248 caetera.
3636 1191 3710 1246 Et
3746 1192 3845 1248 Ba-

2257 1285 2389 1341 ruch
2417 1284 2632 1341 dicebat
2659 1285 2729 1342 de
2751 1283 2965 1340 Christo
2991 1303 3004 1339 :
3039 1285 3061 1317 ³
3082 1283 3185 1339 Hic
3210 1284 3352 1340 Deus
3373 1296 3545 1340 noster
3589 1302 3695 1341 non
3731 1287 3844 1342 exi-

2257 1377 2496 1429 stimatur
2507 1375 2639 1430 alter
2661 1375 2732 1428 ad
2751 1375 2992 1430 alterum.
3017 1372 3117 1438 Qui
3130 1376 3322 1429 invenit
3340 1391 3543 1429 omnem
3565 1377 3704 1429 uiam
3718 1393 3846 1447 pru-

2259 1465 2472 1531 dentiae,
2491 1474 2543 1522 et
2561 1466 2700 1520 dedit
2726 1483 2843 1520 eam
2867 1464 3030 1519 Iacob
3068 1482 3228 1536 puero
3243 1482 3355 1529 suo,
3386 1473 3436 1520 et
3461 1465 3632 1520 Israel
3657 1467 3845 1524 dilecto

2256 1557 2390 1624 sibi;
2419 1567 2536 1630 post
2569 1559 2682 1614 hare
2715 1559 2768 1612 in
2800 1560 2948 1613 terris
2976 1559 3114 1613 visus
3133 1568 3183 1613 et
3208 1559 3335 1613 inter
3370 1558 3603 1613 homines
3629 1575 3844 1614 conuer-

2255 1660 2400 1706 satus
2441 1660 2520 1706 est
2548 1651 2783 1724 (Bsruch
2809 1652 2900 1723 Ill)
2926 1670 2940 1706 :
2971 1661 3032 1708 ut
3059 1651 3201 1708 idem
3233 1667 3342 1706 non
3369 1651 3512 1707 Deus
3548 1651 3711 1706 Pater
3759 1651 3844 1706 vi-

2255 1757 2345 1798 sus
2373 1749 2475 1808 est,
2499 1748 2556 1797 et
2579 1749 2930 1798 conversatus
2950 1743 3090 1798 inter
3115 1742 3384 1810 homines,
3411 1741 3507 1797 sed
3535 1741 3705 1796 Filius
3724 1741 3844 1810 Dei,

576 1835 775 1904 angeli,
827 1835 1150 1902 archangeli,
1202 1849 1494 1903 omnesque
1532 1835 1802 1904 spiritales
1835 1835 2059 1890 virtutes
2105 1835 2236 1896 etB
2260 1833 2328 1889 de
2365 1832 2518 1902 cujus
2558 1833 2941 1889 incarnationis
2967 1834 3201 1890 adventu
3228 1833 3423 1889 iterum
3445 1831 3610 1888 Isaias
3628 1847 3844 1887 annun-

579 1927 915 1997 potestates‘t
940 1923 1083 1992 Ergo
1122 1924 1265 1992 quod
1312 1923 1406 1990 ait,
1437 1924 1496 1979 ln
1541 1925 1803 1996 principio
1847 1925 1974 1980 fecit
2019 1926 2160 1982 Deus

579 2018 777 2074 emtum
820 2025 878 2073 et
923 2001 1140 2082 terram,
1171 2015 1226 2070 in
1255 2015 1469 2070 Christo
1497 2015 1696 2071 dixisse
1723 2015 2049 2083 declaratur,
2091 2031 2160 2072 ex

579 2108 731 2178 cujus
758 2123 990 2178 persona
1019 2114 1074 2162 et
1119 2106 1287 2161 David
1313 2106 1524 2161 dicebat
1558 2125 1571 2159 :
1609 2106 1776 2162 Verbo
1816 2105 2028 2162 Domini
2048 2108 2162 2163 cteli

578 2199 774 2271 ﬁrmati
800 2207 940 2264 sunt,
983 2205 1034 2251 et
1077 2199 1263 2268 spiritu
1292 2198 1396 2251 oris
1425 2197 1534 2268 ejus
1570 2199 1736 2252 omnis
1779 2199 1941 2253 virtus
1985 2216 2162 2254 eorum

578 2289 753 2362 (Psal.
784 2290 992 2359 xxxu);
1016 2288 1118 2343 iste
1139 2295 1226 2343 est
1267 2287 1434 2342 Filius
1458 2288 1574 2356 Dei,
1599 2288 1666 2344 de
1688 2303 1795 2358 quo
1825 2289 2016 2344 iterum
2047 2291 2162 2361 ipse

578 2379 748 2434 David
774 2379 987 2433 dicebat
1014 2378 1068 2431 in
1096 2377 1333 2433 secundo
1362 2378 1570 2447 psalmo
1597 2395 1611 2432 :
1654 2377 1908 2433 Dominus
1933 2380 2068 2435 dixit
2092 2380 2162 2434 ad

580 2487 660 2524 me
692 2486 710 2525 :
738 2469 784 2539 Ε
787 2470 906 2523 ilius
934 2485 1076 2522 meus
1122 2485 1178 2522 es
1211 2477 1283 2534 tu,
1315 2485 1407 2539 ego
1455 2468 1607 2523 hodie
1633 2469 1784 2540 genui
1813 2478 1878 2525 te.
1907 2469 2044 2524 Vide
2069 2485 2160 2525 se-

580 2559 820 2614 cundum
865 2559 1178 2630 mysterium
1215 2576 1228 2612 :
1282 2559 1334 2613 in
1367 2559 1601 2614 secundo
1646 2559 1851 2630 psalmo
1897 2559 2001 2616 hoc
2025 2560 2161 2617 dici-

577 2656 669 2704 tur
736 2687 758 2705 .
833 2686 850 2704 .
927 2687 944 2702 .
1022 2687 1038 2703 .
1113 2685 1132 2704 .
1208 2687 1227 2703 .
1301 2686 1319 2703 .
1393 2647 1661 2704 secundus
1701 2647 1868 2706 Filius
1951 2687 1969 2703 .
2048 2687 2066 2706 .
2137 2689 2157 2705 .

1673 2738 1974 2794 certissime
2019 2738 2163 2796 Deus

579 2827 792 2893 Filium,
841 2843 1002 2897 quem
1045 2828 1248 2896 genuit,
1276 2842 1384 2882 non
1411 2827 1551 2883 sicut
1587 2827 1866 2896 homines,
1896 2830 1992 2885 sed
2021 2831 2161 2888 sicut

580 2917 760 2973 decuit
785 2917 896 2973 Deo
935 2931 1194 2989 generare
1237 2917 1655 2987 impassibiliter,
1687 2917 2163 2989 incorruptibiliter

579 3007 649 3063 de
693 3022 756 3064 se
819 3009 970 3078 ipso;
1001 3025 1139 3063 unus
1178 3023 1342 3063 unum
1387 3007 1591 3077 genuit,
1622 3008 1770 3062 solus
1796 3009 1991 3078 solum,
2020 3009 2161 3066 Deus

575 3097 772 3164 Deum,
823 3113 923 3153 rex
960 3112 1165 3167 regem,
1197 3097 1462 3167 ingenitus
1492 3098 1510 3128 ¹
1540 3097 1850 3168 ingenitum,
1885 3097 2046 3154 Pater
2071 3100 2161 3158 Fi-

2260 1922 2430 1978 tiabat
2466 1923 2651 1979 dicens
2683 1940 2696 1976 :
2730 1922 2992 1978 Revelavit
3029 1923 3173 1979 Deus
3217 1922 3486 1978 brachium
3519 1939 3670 1977 suum
3696 1923 3844 1977 illum

2256 2021 2494 2068 sanctum
2546 2015 2602 2068 in
2642 2023 2914 2085 conspectu
2951 1999 3181 2069 omnium
3219 2015 3469 2086 gentium,
3512 2022 3564 2066 et
3600 2013 3844 2067 videbunt

2259 2123 2436 2162 omnes
2447 2115 2620 2179 gentes
2641 2109 2811 2178 ipsum
2832 2124 2983 2179 super
3002 2114 3194 2161 terram
3211 2105 3492 2160 salutarem
3510 2103 3666 2160 aDeo
3688 2105 3848 2176 (Isai.

2260 2197 2374 2265 ιιι).
2403 2197 2592 2254 Adhuc
2618 2206 2797 2254 autem
2822 2198 3025 2269 repetit
3051 2197 3244 2253 iterum
3265 2203 3321 2252 et
3347 2195 3514 2252 dicit:
3545 2194 3685 2250 Ecce
3703 2197 3846 2266 uirgo

2259 2289 2510 2356 concipiet
2528 2289 2584 2343 in
2609 2294 2776 2358 utero,
2807 2296 2858 2344 et
2878 2288 3050 2358 pariet
3089 2288 3278 2358 lilium,
3319 2296 3367 2342 et
3394 2284 3640 2340 oocabitis
3661 2303 3846 2340 nomen

2259 2377 2370 2448 ejus
2394 2377 2720 2443 Emmanuel,
2745 2377 2880 2450 quod
2898 2385 2974 2432 est
2999 2378 3390 2448 interpretatum
3419 2371 3687 2430 nobiscum
3705 2374 3846 2429 Deus

2263 2467 2418 2538 (Isai.
2448 2469 2567 2539 vn).
2597 2468 2884 2524 Nobiscum
2930 2463 3092 2534 Deus,
3121 2467 3174 2523 id
3221 2475 3305 2522 est
3353 2467 3495 2522 Deus
3523 2465 3579 2520 in
3603 2465 3842 2532 homine,

2260 2557 2497 2615 Verbum
2525 2559 2578 2614 in
2608 2574 2790 2626 carne,
2813 2559 3066 2630 majestas
3093 2559 3148 2615 in
3186 2573 3433 2629 corpore.
3470 2557 3748 2612 Descendit
3775 2557 3845 2612 si-

2262 2659 2347 2706 cut
2384 2650 2559 2718 pluvia
2585 2653 2642 2707 in
2683 2651 2841 2708 vellus
2889 2650 3064 2724 (Psal.
3094 2650 3273 2722 Lxxt);
3326 2666 3435 2706 non
3465 2665 3590 2706 cum
3619 2649 3852 2711 ambitu,

2262 2757 2370 2797 non
2399 2758 2523 2799 cum
2545 2744 2802 2816 Strepitu;
2837 2742 2934 2800 sed
2962 2758 3059 2800 rex
3087 2742 3320 2800 cmlestis
3341 2740 3562 2797 humilis
3588 2740 3844 2796 mundum

2261 2833 2534 2904 ingessus
2561 2841 2676 2901 est;
2706 2833 3006 2905 triumphos
3032 2833 3450 2890 immortalitatis
3476 2839 3532 2889 et
3553 2833 3702 2903 pacis
3727 2847 3841 2887 om-

2261 2925 2420 2980 nibus
2443 2925 2739 2980 donaturus
2757 2939 2954 2996 corpus
2972 2925 3262 2980 humanum
3285 2925 3590 2994 assumpsit,
3612 2931 3674 2978 ut
3690 2937 3852 2978 suum

2261 3012 2525 3083 fulgorem
2563 3015 2778 3070 interim
2806 3029 2906 3086 per
2929 3015 3174 3070 velamen
3199 3014 3442 3084 corporis
3471 3013 3842 3082 obumbraret,

2263 3111 2321 3161 et
2347 3104 2414 3160 ad
2442 3104 2716 3160 hominem
2744 3104 2886 3161 Deus
2913 3118 3012 3175 per
3051 3103 3398 3175 interpretem
3441 3101 3719 3158 hominem
3764 3103 3844 3159 lo-

575 3190 744 3258 lium,
791 3199 982 3246 auctor
1018 3191 1274 3256 Verbum,
1325 3197 1539 3245 creator
1582 3198 1897 3257 creatorem,
1926 3199 2160 3247 :eternus
2185 3193 2230 3256 C
2262 3203 2534 3266 queretur.
2565 3195 2625 3250 In
2645 3197 2736 3252 illo
2763 3197 2963 3267 templo
2991 3196 3231 3267 corporis
3257 3195 3400 3251 Deus
3419 3201 3568 3260 erat,
3603 3201 3665 3250 ut
3699 3209 3846 3250 mor-

573 3291 862 3350 attanum,
913 3282 1144 3354 Spiritus
1195 3281 1487 3352 Spiritum,
1536 3281 1628 3336 lux
1675 3281 1877 3351 lucem,
1910 3284 2164 3354 splendor

573 3375 946 3445 splendorem,
994 3375 1114 3445 pius
1157 3373 1327 3445 pium,
1368 3373 1544 3430 bonus
1585 3373 1806 3438 bonum,
1857 3375 2164 3434 misericors

576 3465 999 3532 misericordem,
1029 3465 1298 3536 perfectus
1330 3465 1646 3534 perfectum.
1677 3463 1759 3519 Ad
1787 3465 1931 3520 hunc
1967 3465 2161 3522 Filium

575 3558 773 3614 iterum
821 3556 988 3612 David
1034 3557 1356 3625 loquebatur
1391 3554 1577 3611 dicens
1616 3571 1631 3608 :
1679 3555 1700 3587 ³
1740 3553 1782 3609 Τ
1783 3555 1973 3610 hronus
2021 3565 2158 3626 tuus,

576 3648 740 3714 Deus,
768 3649 823 3702 in
849 3647 1094 3703 saeculum
1118 3647 1331 3713 surculi;
1361 3647 1505 3718 virga
1530 3647 1812 3719 aequitatis,
1842 3647 1985 3719 virga
2013 3649 2160 3720 regni

575 3743 671 3797 tui.
701 3741 946 3798 Dilexisti
961 3741 1237 3812 justitiam,
1266 3747 1316 3794 et
1337 3739 1489 3794 odisti
1508 3740 1860 3812 iniquitatem;
1888 3749 2159 3812 propterea

574 3836 726 3890 unxit
752 3844 799 3888 te
825 3833 985 3897 Deus,
1015 3829 1156 3885 Deus
1185 3840 1302 3885 tuus
1327 3829 1502 3901 (Psal.
1532 3831 1699 3901 xuv).
1723 3830 1914 3886 Videte
1940 3832 2065 3900 quia
2089 3831 2157 3888 ad

575 3925 745 3980 Deum
773 3924 1000 3991 loquens
1042 3921 1257 3976 dicebat
1296 3922 1346 3975 ei
1377 3937 1392 3973 :
1424 3923 1576 3974 unxit
1602 3931 1649 3975 te
1675 3921 1832 3987 Deus,
1858 3920 1998 3976 Deus
2019 3930 2154 3990 tuus,

574 4013 632 4069 id
661 4021 744 4068 est
769 4020 826 4067 te
851 4011 1044 4066 Filium
1065 4012 1218 4066 unxit
1244 4009 1408 4066 Pater
1433 4019 1555 4066 tuus
1583 4011 1674 4065 illo
1701 4019 1973 4079 unguento
1999 4020 2158 4069 aeter-

557 4119 659 4159 na;
687 4102 899 4170 lattitiaa,
946 4101 1134 4158 mterni
1170 4101 1490 4157 sacramenti
1528 4109 1584 4157 et
1632 4102 1864 4159 cmlestis
1887 4105 2153 4175 mysterii,

571 4192 2150 4251 autadhuc..............

671 4322 688 4340 .
757 4321 784 4337 η
853 4281 1007 4338 Dixit
1030 4279 1283 4342 Dominus
1301 4279 1520 4340 Domino
1547 4297 1703 4336 meo:
1734 4281 1872 4337 Sede
1901 4298 1934 4336 a
1954 4283 2153 4340 dextris

570 4377 698 4432 meis
729 4373 900 4446 (Psal.
933 4374 1041 4445 cxx)
1119 4413 1134 4429 .
1209 4413 1225 4428 .
1299 4411 1319 4428 .
1391 4413 1413 4429 η
1487 4373 1772 4429 Dominum
1811 4374 2004 4431 habuit
2048 4377 2152 4434 iste

568 4483 686 4535 rex,
719 4468 786 4522 ad
812 4483 971 4536 quem
1003 4467 1266 4522 Dominus
1310 4481 1440 4522 suus
1488 4465 1631 4522 Deus
1670 4467 1918 4523 dixerat:
1951 4468 2087 4524 Sede
2115 4487 2149 4525 a

2266 3285 2429 3340 talem
2456 3285 2726 3341 hominem
2761 3285 2964 3342 faceret
3004 3285 3380 3340 immortalem.
3411 3283 3521 3340 Sed
3539 3300 3652 3340 non
3672 3284 3840 3341 credit

2261 3374 2496 3446 Judzeus,
2525 3377 2620 3432 sed
2648 3392 2748 3434 nec
2765 3391 3020 3449 paganus,
3043 3391 3147 3432 nec
3170 3376 3428 3444 virginem
3455 3376 3844 3444 genuissesine

2260 3467 2362 3522 viri
2382 3467 2762 3537 conjunctione
2791 3467 3035 3523 credunt.
3067 3464 3302 3521 Audiam
3319 3473 3376 3522 et
3401 3466 3625 3521 credant
3645 3464 3717 3521 de
3742 3481 3839 3520 na-

2261 3558 2473 3614 tivitate
2495 3558 2789 3616 Salvatoris
2817 3575 2886 3615 ex
2922 3559 3148 3628 virgine,
3170 3567 3414 3614 sanctum
3444 3557 3694 3626 angelum
3725 3559 3838 3614 mis-

2259 3663 2378 3707 sun
2399 3665 2430 3705 a
2449 3649 2562 3706 Deo
2583 3649 2744 3707 Patre
2769 3651 2968 3706 dixisse
3010 3650 3077 3706 ad
3105 3650 3277 3721 ipsam
3305 3649 3701 3705 sanctissimam
3718 3647 3838 3704 Vir-

2255 3741 2438 3811 ginem
2463 3741 2684 3797 Mariam
2713 3759 2728 3796 :
2753 3741 2980 3813 Spiritus
3009 3750 3236 3808 sanctus,
3266 3739 3480 3809 inquit,
3526 3740 3852 3809 superveniet

2258 3831 2314 3886 in
2337 3838 2406 3899 te,
2435 3838 2486 3886 et
2523 3833 2686 3886 virtus
2722 3831 2977 3886 Altissimi
3020 3828 3492 3895 obumbrabit'tibi;
3532 3829 3749 3901 ideoque
3791 3836 3842 3884 et
3907 3824 3911 3826 ν

2257 3920 2394 3992 quod
2422 3928 2662 3976 nascetur
2688 3937 2753 3977 ea:
2773 3929 2823 3976 te
2842 3929 3077 3976 sanctum
3095 3922 3358 3976 vocabitur
3371 3919 3543 3976 Filius
3563 3919 3663 3973 Dei
3686 3918 3838 3990 (Luc.

2254 4009 2336 4080 ιι).
2368 4011 2598 4068 Carnem
2619 4012 2908 4067 humanam
2935 4012 3002 4067 de
3025 4019 3212 4067 sancta
3239 4009 3405 4066 Maria
3433 4010 3724 4080 assumpsit
3749 4009 3840 4065 ille

2253 4103 2484 4173 Spiritus
2511 4104 2901 4171 immaculatus,
2931 4103 2985 4160 id
3013 4112 3096 4160 est
3122 4103 3288 4160 Filius
3313 4102 3410 4158 Dei
3437 4103 3690 4170 mundus,
3710 4118 3838 4159 san-

2251 4203 2391 4260 ctus,
2415 4209 2638 4251 securus
2674 4195 2729 4250 in
2751 4210 2810 4251 se
2835 4195 2937 4250 sibi
2969 4209 3063 4250 sua
3107 4195 3349 4266 potentia
3387 4200 3443 4249 et
3481 4195 3836 4265 possibilitate

2253 4299 2474 4342 carnem
2503 4283 2697 4340 effecit.
2723 4285 2782 4341 Si
2807 4287 2952 4341 enim
2977 4286 3084 4341 hoc
3106 4283 3396 4355 aliquantis
3426 4284 3616 4339 avibus
3661 4283 3839 4350 dedit,

2249 4386 2311 4434 ut
2337 4378 2404 4434 de
2424 4387 2588 4435 vento
2615 4385 2711 4433 aut
2736 4379 2804 4434 de
2830 4378 3050 4450 pulvere
3076 4377 3381 4448 concipiant
3425 4376 3545 4431 sine
3571 4375 3828 4441 maribus,

2247 4479 2306 4527 et
2326 4477 2629 4538 cernerent,
2657 4479 2860 4540 quanto
2886 4469 3054 4539 magis
3084 4469 3198 4539 ipse
3225 4467 3362 4534 sibi,
3403 4475 3463 4522 ut
3486 4466 3690 4523 dictum
3730 4474 3830 4530 est,

569 4559 765 4613 dextris
792 4560 938 4612 meis.
970 4557 1099 4623 Quis
1126 4565 1210 4612 est
1239 4558 1339 4611 iste
1367 4549 1625 4612 Dominus
1655 4558 1724 4612 ad
1751 4574 1910 4628 quem
1938 4560 2148 4617 dixerat
2173 4563 2225 4624 D
2248 4563 2410 4634 739
2436 4561 2614 4632 potuit
2657 4576 2852 4633 corpus
2877 4560 3158 4627 fabricare,
3184 4566 3240 4614 et
3265 4558 3318 4614 si
3356 4557 3552 4612 iterum
3595 4571 3727 4611 aves
3763 4555 3832 4611 de

569 4648 712 4704 Deus
733 4647 910 4711 Pater,
934 4648 1037 4702 nisi
1059 4647 1314 4703 Dominus
1336 4655 1522 4703 noster
1546 4646 1792 4705 Christus
1818 4649 1986 4706 Filius
2003 4651 2145 4723 ejus?

567 4739 699 4794 Nam
720 4747 776 4794 et
793 4739 988 4794 iterum
1013 4738 1136 4793 audi
1163 4737 1230 4792 de
1257 4736 1468 4792 Christo
1493 4753 1592 4793 suo
1618 4736 1832 4793 Patrem
1854 4740 2139 4798 dicentem:

563 4831 762 4886 Paravi
805 4831 1070 4884 lucernam
1097 4828 1299 4884 Christo
1347 4846 1489 4896 meo;
1529 4831 1762 4886 inimicos
1791 4834 1902 4904 ejus
1929 4836 2143 4892 induam

565 4923 866 4993 confusione
903 4920 1078 4991 (Psal.
1111 4919 1325 4992 cxxxt).
1369 4919 1560 4977 Paravi
1610 4922 1882 4979 lucernam
1927 4925 2142 4983 Christo

557 5025 707 5076 meo,
737 5011 791 5065 id
819 5019 903 5067 est
927 5009 1220 5067 Ecclesiam
1249 5011 1449 5066 lumine
1494 5013 1608 5080 ejus
1635 5013 2022 5083 splendentem,
2052 5025 2136 5072 at-

563 5112 668 5166 que
688 5102 848 5171 738
871 5102 1169 5169 ardentem,
1202 5101 1437 5157 ﬁdelium
1469 5118 1766 5167 numerum,
1798 5105 1911 5172 qui,
1939 5105 2139 5162 lumine

563 5189 804 5245 veritatis
831 5198 887 5245 et
905 5193 1233 5250 credulitatis
1258 5193 1314 5248 in
1342 5191 1508 5250 corde
1535 5203 1823 5265 percepto,
1846 5195 2138 5252 increduli-

631 5383 650 5415 ³
695 5380 988 5454 Ingenitum
1007 5384 1096 5441 hic
1118 5395 1407 5458 usurpatur
1427 5403 1528 5459 pro
1557 5405 1659 5442 non
1654 5389 1894 5512 [ασκεω.

633 5454 655 5485 ¹
691 5451 937 5512 Vulgata.
989 5457 1121 5512 osa].
1175 5473 1318 5512 erv.
1377 5459 1504 5512 lenit
1535 5476 1548 5512 :
1582 5459 1653 5512 Se
1687 5475 1742 5512 es
1793 5467 1883 5511 tua

633 5454 655 5485 '
691 5451 937 5526 Vulgata,
975 5457 1121 5526 ipsa].
1175 5451 1318 5521 xLiv,
1377 5451 1504 5526 legit
1535 5476 1548 5512 :
1582 5451 1742 5513 Sedes
1793 5467 1883 5511 tua
1916 5456 2057 5512 Deus
2082 5460 2140 5513 in

562 5524 805 5600 amentum
825 5524 1526 5600 steculi,_t'irgaAdirectignis,
1557 5529 1703 5598 virga
1727 5530 1873 5600 regni
1903 5529 1994 5593 tui,
2025 5537 2133 5600 etc.

633 5593 656 5625 ⁸
683 5591 905 5661 Vulgata
935 5593 1096 5664 legit:
1122 5591 1235 5649 'Hic
1279 5609 1356 5650 est
1385 5591 1520 5651 Deus
1557 5591 1756 5660 noster.
1785 5591 1837 5651 Et
1874 5591 2141 5653 non-testi-

561 5664 784 5717 mabi'ur
830 5665 964 5719 alius
1017 5665 1257 5719 adversus
1300 5682 1434 5720 eum.
1485 5668 1586 5720 Hic
1639 5671 1897 5722 adinrenit
1939 5686 2138 5723 munem

560 5733 697 5788 vium
725 5732 1029 5803 discipline,
1059 5745 1108 5788 et
1139 5735 1350 5790 tradidit
1369 5736 1513 5791 illam
1559 5737 1720 5792 Iacob
1760 5755 1920 5808 puero
1946 5755 2058 5805 suo,
2091 5749 2140 5792 et

2249 4653 2366 4708 ovis
2388 4652 2798 4708 obumbratione
2819 4651 3022 4705 alarum
3038 4650 3303 4704 animatos
3313 4647 3490 4719 pullos
3506 4647 3828 4716 producunt,

2249 4745 2271 4777 ⁸
2301 4755 2356 4801 et
2377 4754 2519 4800 terra
2545 4745 2661 4802 sine
2689 4743 2836 4799 coitu
2862 4741 3109 4813 producit
3154 4741 3427 4811 aliquanta
3468 4739 3739 4803 animalia,
3772 4743 3830 4792 ut

2247 4851 2459 4891 vermes
2484 4843 2539 4890 et
2557 4842 2771 4897 caetera,
2795 4840 2996 4903 quanto
3017 4831 3186 4900 magis
3207 4831 3346 4886 Deus
3365 4830 3542 4900 potuit
3568 4829 3669 4884 sibi
3692 4829 3828 4882 inter

2247 4926 2494 4980 homines
2519 4924 2850 4978 mirabilibus
2877 4922 3050 4978 modis
3078 4921 3335 4993 templum
3362 4928 3678 4976 construere
3704 4935 3827 4974 cor-

2245 5018 2393 5088 poris
2420 5016 2501 5072 sui
2533 5034 2546 5070 :
2573 5016 2664 5086 qui
2712 5015 2757 5071 si
2785 5015 3082 5080 voluisset,
3111 5021 3166 5068 et
3192 5028 3257 5068 ex
3287 5011 3482 5083 lapide,
3523 5010 3612 5066 vel
3650 5007 3826 5078 ligno,

2246 5108 2331 5163 vel
2359 5123 2516 5177 aqua,
2539 5108 2624 5162 vel
2648 5115 2809 5172 terra,
2827 5113 3010 5178 posset
3031 5105 3132 5160 sibi
3152 5119 3347 5174 corpus
3369 5101 3600 5166 efﬁcere,
3626 5109 3830 5170 utpote

2243 5199 2337 5270 qui
2365 5208 2421 5254 et
2466 5199 2698 5270 primum
2725 5199 3000 5254 hominem
3025 5196 3198 5252 Adam
3225 5209 3293 5250 co
3339 5194 3469 5250 limo
3494 5202 3654 5250 terra:
3679 5191 3826 5263 plas—

2248 5389 2419 5444 lsrael
2445 5388 2633 5444 dilecto
2651 5405 2767 5444 suo.
2794 5388 2923 5444 Post
2943 5389 3051 5443 hac
3073 5389 3128 5443 in
3163 5387 3314 5442 terris
3339 5387 3476 5442 risus
3499 5392 3599 5452 est,
3630 5394 3680 5440 et
3707 5400 3825 5440 cum

2243 5460 2527 5514 hominibus
2555 5469 2880 5514 conrersatus
2906 5469 3003 5512 est.

2311 5530 2334 5561 ⁴
2370 5529 2568 5584 Eadem
2590 5530 2754 5584 habet
2769 5529 2831 5584 S.
2872 5527 3133 5583 Maximus
3177 5526 3245 5581 de
3286 5526 3483 5582 virtute

2242 5607 2400 5654 terra:
2427 5601 2572 5654 hom.
2604 5599 2670 5654 de
2715 5599 2989 5654 Dominica
3023 5599 3076 5652 in
3122 5596 3308 5652 Ramis
3340 5595 3483 5652 Psal.
3513 5612 3526 5648 :
3561 5593 3824 5658 Quoniam

2238 5672 2421 5724 vermis
2447 5670 2589 5724 nulla
2605 5671 2922 5724 extrinsecus
2943 5669 3260 5723 admixtione
3284 5667 3441 5723 alieni
3459 5666 3710 5735 corporis,
3729 5664 3824 5718 sed

2241 5739 2306 5795 de
2333 5740 2444 5796 sola
2466 5748 2513 5797 et
2536 5756 2672 5807 pura
2697 5749 2833 5794 terra
2847 5748 3169 5808 procreatur,
3197 5747 3305 5794 etc.

3509 5525 3819 5594 generatim
