4138 6196
273 342 382 401 797

275 568 338 608 se
361 565 458 621 pro
479 548 784 604 hominibus
810 546 1109 601 advenisse.
1145 545 1274 599 Nam
1302 554 1357 600 et
1385 545 1528 599 nasci
1559 552 1844 614 propterea

276 643 347 697 ad
366 639 760 697 similitudinem
789 645 1025 691 nostram
1055 637 1260 691 etmori
1291 637 1456 690 voluit
1483 645 1644 705 atque
1667 652 1847 690 resur-

276 749 424 804 gere,
455 739 513 786 ut
537 739 592 784 et
613 744 711 783 nos
736 737 790 783 et
817 728 951 781 mori
975 735 1029 782 et
1049 727 1240 781 iterum
1262 741 1540 795 resurgere
1563 728 1616 781 in
1643 733 1845 782 semet-

278 825 396 893 ipso
441 826 780 884 monstraret,
811 826 970 887 atque
1007 833 1155 886 spem
1187 818 1342 873 nobis
1372 819 1558 872 futurze
1602 834 1838 873 resurre-

274 912 469 968 ctionis
491 910 836 965 ostenderet.‘
864 907 972 962 Sed
990 908 1116 962 dicit
1137 907 1351 962 Iudaeus
1370 926 1382 961 :
1409 908 1548 976 Ergo
1561 924 1629 963 ex
1650 908 1845 963 femina

276 1003 462 1058 habuit
492 1002 635 1056 nasci
656 1001 814 1055 Deus.
837 1003 856 1031 ‘
885 999 1024 1055 Caro
1053 999 1249 1055 Christi
1277 1015 1344 1054 ex
1370 999 1567 1054 femina
1595 1007 1719 1053 nata
1740 1007 1843 1065 est,

274 1110 436 1164 quam
466 1095 602 1148 Deus
630 1093 774 1158 fecit,
805 1107 905 1146 nec
955 1092 1121 1161 pollui
1151 1099 1330 1161 potest
1373 1092 1626 1160 majestas
1650 1091 1846 1146 Christi

277 1186 332 1240 in
361 1198 552 1246 carne;
575 1183 621 1237 si
660 1182 804 1236 enim
841 1182 922 1236 sol
966 1182 1173 1250 fulgens
1214 1197 1320 1236 non
1350 1182 1656 1250 inquinatur
1700 1189 1844 1235 tactu

274 1274 537 1344 quolibet,
565 1272 736 1326 multo
778 1272 946 1340 magis
992 1271 1248 1326 Dominus
1275 1271 1403 1327 solis
1443 1271 1709 1340 inquinari
1739 1287 1845 1326 non

275 1365 474 1436 potuit,
503 1364 627 1418 licet
655 1361 882 1416 mundus
907 1361 1158 1415 mundam
1198 1362 1450 1429 tetigerit.
1483 1361 1635 1416 llunc
1673 1362 1844 1429 ipsum

275 1455 535 1511 habemus
563 1454 767 1508 itineris
786 1453 993 1517 ducem,
1017 1453 1141 1522 quia
1168 1454 1253 1507 via
1281 1461 1364 1508 est
1401 1452 1466 1507 ad
1488 1451 1734 1517 Patrem;
1761 1453 1844 1507 lu-

275 1548 355 1604 eis
374 1546 690 1616 principem,
713 1545 837 1613 quia
863 1545 1060 1599 veritas
1082 1553 1182 1610 est,
1206 1545 1298 1614 qui
1327 1545 1480 1600 nobis
1508 1545 1684 1600 lumen
1713 1547 1849 1601 veri-

275 1637 407 1691 tatis
427 1635 651 1699 infudit;
680 1634 866 1689 salutis
895 1641 1192 1700 auctorem,
1223 1635 1345 1703 quia
1368 1635 1510 1704 quod
1538 1635 1734 1689 factum
1763 1645 1847 1691 est

275 1728 328 1780 in
359 1742 426 1780 eo
448 1726 558 1779 vita
597 1733 700 1792 est,
744 1725 834 1792 qui
862 1739 982 1778 cum
1012 1723 1172 1779 Patre
1200 1725 1431 1780 viviﬁcat
1477 1726 1657 1780 omnia
1689 1745 1702 1779 :
1749 1741 1846 1795 per

1303 337 1709 395 TRACTATUS
1747 337 1812 392 ν.
1854 337 2127 394 CONTRA
2167 338 2468 394 JUDIEOS.

275 464 534 524 maverat,
559 470 777 513 carnem
820 455 1106 510 humanam
1127 468 1414 516 assumere,
1447 462 1505 508 ut
1532 453 1842 508 ostenderet
1867 455 1913 511 A
1941 455 2085 509 culat
2107 457 2355 511 aliorum.
2378 456 2511 510 Nam
2537 455 2764 525 legimus

3413 343 3513 400 793

1944 640 2086 707 quod
2115 640 2318 694 nullum
2391 679 2407 696 .
2484 680 2500 694 .
2580 681 2594 697 .
2673 683 2688 698 .
2766 681 2780 700 .
2855 647 2963 702 mei
3003 647 3217 704 luminis
3245 651 3518 705 contineat

1943 729 2296 796 intellectum,
2342 745 2444 788 nec
2480 747 2580 802 per
2617 749 2700 804 sp.
2775 775 2790 789 .
2871 771 2886 791 .
2962 775 2978 793 .
3064 779 3080 793 .
3157 779 3172 793 .
3249 740 3514 808 ostendat,

1944 820 2020 873 ait
2059 821 2316 876 Dominus
2346 821 2415 876 ad
2441 838 2536 878 eos
2561 841 2573 876 :
2615 824 2718 879 Vos
2743 827 2809 880 de
2836 827 3039 882 diabolo
3067 838 3214 899 patre
3234 833 3345 884 nati
3372 833 3517 900 estis,

1943 921 1993 965 et
2021 913 2272 968 desideria
2299 916 2462 984 patris
2481 919 2630 970 vestri
2651 921 2821 989 facere
2840 920 2988 974 rultis
3014 921 3192 991 (Joan.
3222 923 3356 992 vni).
3383 922 3517 978 Nam

1945 1010 2000 1056 et
2028 1002 2274 1059 diabolus
2312 1007 2365 1059 in
2408 1015 2656 1078 serpente
2693 1017 2930 1066 mutatus
2981 1011 3259 1069 fallacibus
3303 1014 3515 1081 linguis,

1945 1109 2206 1150 novorum
2255 1097 2528 1152 hominum
2568 1100 2711 1169 piam
2760 1103 3053 1171 rudemque
3082 1103 3439 1158 innocentiam
3462 1106 3516 1161 in

1943 1186 2194 1254 paradiso
2225 1187 2444 1244 factiosa
2482 1190 2813 1258 malignitate
2837 1192 3050 1262 decepit
3082 1212 3095 1246 :
3129 1194 3281 1262 cujus
3335 1204 3389 1249 et
3429 1196 3516 1252 isti

1945 1276 2204 1331 insaniam
2233 1279 2520 1345 subsecuti,
2553 1284 2857 1352 serpentina
2877 1285 3172 1352 generatio,
3189 1300 3330 1340 nunc
3350 1301 3518 1355 usque

1944 1364 2211 1420 Christum
2240 1368 2428 1422 Filium
2454 1371 2546 1424 Dei
2596 1386 2796 1440 negare
2833 1382 3114 1428 conantur.
3147 1373 3347 1428 Contra
3384 1391 3518 1443 quos

1944 1455 2234 1509 auxiliante
2265 1457 2382 1526 ipso
2424 1458 2650 1514 Domino
2696 1459 2914 1518 Christo
2941 1462 3078 1516 hanc
3101 1463 3518 1532 disputationem

1944 1544 2274 1612 suscepimus
2298 1585 2313 1609 ,
2345 1547 2538 1614 quibus
2565 1548 2739 1603 adhuc
2763 1549 3046 1604 dicendum
3086 1561 3168 1608 est
3205 1570 3217 1606 :
3250 1550 3392 1620 quod
3419 1565 3519 1604 vo-

1946 1633 2028 1687 bis
2069 1635 2355 1699 assumitis,
2407 1633 2587 1692 dicere
2615 1646 2822 1706 patrem
2861 1647 3098 1693 vestrum
3143 1638 3432 1705 Abraham,
3465 1645 3520 1693 et

1945 1722 2062 1790 ejus
2088 1723 2544 1780 circumcisionem
2571 1742 2666 1782 vos
2695 1729 2932 1783 asseritis
2971 1729 3315 1797 suscepisse?
3344 1727 3514 1781 Abra—

278 1819 453 1886 ipsum
482 1816 591 1869 Deo
619 1813 763 1868 Patri
789 1829 1001 1883 semper
1026 1815 1224 1882 gratias
1253 1815 1475 1882 agimus,
1509 1815 1716 1870 fratres.
1744 1817 1848 1870 Sed
1881 1809 1925 1866 B
1950 1816 2074 1868 liam
2106 1816 2206 1870 fide
2224 1817 2541 1884 justiticatus
2562 1827 2660 1881 est,
2693 1835 2801 1873 non
2823 1818 3248 1873 circumcisione.
3274 1819 3350 1871 lta
3379 1820 3520 1872 enim

277 1909 454 1961 adhuc
472 1905 726 1960 increduli
750 1903 917 1958 Judaei
946 1905 1145 1959 audent
1172 1904 1454 1974 aliquoties
1475 1913 1528 1959 et
1552 1903 1673 1960 fidei
1693 1906 1847 1960 Chri-

277 1999 465 2052 stiana:
487 1996 619 2050 velle
638 1994 944 2062 detrahere,
971 2002 1026 2049 et
1047 1994 1188 2048 lidcli
1211 1995 1302 2048 Dei
1326 1995 1524 2064 populo
1553 1996 1807 2051 insultare
1831 2013 1846 2062 ;

279 2091 423 2146 unde
449 2091 625 2144 denuo
655 2088 982 2142 recensenda
1010 2095 1134 2142 sunt
1156 2087 1308 2141 nobis
1336 2088 1515 2142 divina
1545 2089 1812 2142 volumina
1830 2129 1848 2156 ,

278 2197 402 2251 quae
451 2195 543 2235 eos
589 2185 776 2249 aperta
823 2177 1045 2231 veritate
1089 2176 1414 2231 confundant
1449 2185 1504 2232 et
1555 2179 1852 2246 intelligant

280 2273 560 2327 manifeste
575 2286 693 2324 sese
713 2271 828 2324 sine
850 2283 946 2338 spe
966 2276 1020 2322 et
1039 2269 1155 2322 sine
1184 2268 1285 2323 ﬁde
1312 2285 1449 2324 esse.
1476 2269 1568 2323 Isti
1604 2279 1728 2324 sunt
1754 2270 1850 2323 Ju-

279 2367 402 2431 daei,
431 2380 564 2432 quos
598 2364 741 2417 clara
793 2376 926 2416 voce
953 2367 1169 2414 sanctus
1207 2361 1512 2430 Stephanus
1539 2362 1851 2430 increpabat

279 2457 464 2509 dicens
495 2471 507 2505 :
537 2453 684 2506 Dura
711 2451 901 2505 cervice
919 2491 935 2517 ,
955 2460 1003 2504 et
1025 2451 1392 2504 incircumcisis
1421 2451 1654 2504 cordibus
1680 2459 1728 2503 et
1755 2467 1851 2503 au-

281 2546 445 2612 ribus,
466 2563 551 2598 vos
571 2560 767 2614 semper
796 2543 1013 2612 Spiritui
1042 2552 1222 2596 sancto
1242 2543 1502 2606 resistitis,
1535 2544 1668 2596 sicut
1691 2552 1740 2596 et
1759 2559 1854 2612 pa-

281 2645 388 2690 tres
408 2636 577 2699 vestri,
600 2637 672 2688 ita
693 2642 740 2686 et
761 2650 865 2687 vos.
893 2631 1053 2695 Quem
1077 2634 1213 2685 enim
1233 2632 1592 2702 prophetarum
1607 2650 1709 2686 non
1733 2639 1852 2687 sunt

282 2728 534 2796 persecuti
561 2733 730 2794 patres
759 2724 945 2777 vestri?
971 2723 1041 2776 Et
1061 2722 1360 2776 occiderunt
1391 2739 1476 2778 eos
1506 2726 1590 2794 qui
1621 2741 1852 2793 pronun-

284 2816 482 2868 tiabant
502 2816 564 2867 de
592 2814 806 2867 adventu
833 2813 970 2867 Justi
998 2813 1148 2882 hujus
1166 2852 1182 2877 ,
1204 2821 1252 2866 et
1281 2829 1366 2866 vos
1394 2814 1679 2882 proditores
1706 2824 1754 2866 et
1775 2816 1856 2867 in-

283 2910 580 2978 terfectores
627 2908 748 2959 estis
796 2906 942 2976 (Act.
974 2904 1097 2974 vii).
1130 2904 1254 2958 ilice
1301 2913 1516 2959 sanctus
1554 2903 1856 2974 Stephanus

284 3000 380 3064 ait,
405 2998 470 3052 de
497 2998 687 3066 quibus
714 2997 844 3051 dicit
864 3004 918 3050 et
937 2996 1124 3050 beatus
1145 2997 1419 3066 apostolus
1440 2993 1636 3049 Paulus
1660 3013 1672 3048 :
1707 2995 1856 3050 Sem-

285 3108 378 3160 per
400 3089 672 3152 discentes,
695 3098 742 3142 et
765 3104 1021 3158 nunquam
1044 3087 1111 3140 ad
1131 3089 1356 3140 veritatis
1385 3087 1649 3139 scientiam
1677 3104 1854 3155 perre-

285 3181 504 3232 nientes.
536 3177 680 3232 Sicut
725 3179 860 3231 enim
901 3176 1111 3230 Jamnes
1163 3184 1211 3230 et
1257 3176 1516 3230 Mambres
1563 3177 1856 3229 restiterunt
1885 3160 1929 3222 C

286 3269 480 3339 Moysi,
506 3273 581 3322 ita
620 3279 669 3324 et
712 3271 750 3322 ii
793 3270 1036 3322 resistunt
1088 3269 1308 3332 veritati,
1359 3268 1587 3321 homines
1634 3268 1858 3336 corrupti

287 3371 475 3425 mente,
496 3378 643 3415 sensu
674 3360 874 3428 reprobi
905 3358 991 3428 (11
1024 3359 1154 3412 Tim.
1187 3357 1285 3425 ιιι).
1319 3359 1512 3424 Dicunt
1532 3359 1674 3412 enim
1706 3376 1718 3411 :
1751 3358 1858 3413 Nos

283 3455 751 3508 circumcisionem
781 3453 1055 3516 habemus,
1080 3459 1135 3505 et
1157 3448 1250 3503 ﬁlii
1271 3466 1454 3505 sumus
1466 3449 1718 3515 Abrahm;
1743 3450 1860 3518 qui-

288 3545 392 3597 bus
419 3543 609 3596 merito
639 3541 891 3594 Dominus
919 3540 1132 3594 dicebat
1165 3557 1178 3592 :
1211 3540 1271 3594 Si
1291 3540 1388 3608 filii
1418 3539 1636 3593 Abraha:
1659 3542 1857 3605 essetis,

287 3652 449 3702 opera
497 3636 667 3704 utique
703 3633 922 3686 Abraha:
951 3633 1202 3702 faceretis.
1236 3631 1735 3696 Cii‘cumcisionem,
1780 3633 1862 3685 in-

287 3725 500 3792 quiunt,
524 3725 807 3788 habemus;
832 3723 1023 3791 quibus
1051 3722 1308 3776 dicimus:
1352 3721 1565 3776 Utinam
1594 3723 1862 3779 haberetis

287 3815 514 3868 odorem
538 3812 662 3867 ﬁdei
690 3813 934 3878 Abrahae,
973 3812 1133 3882 740
1166 3821 1220 3866 ct
1244 3828 1349 3865 non
1382 3813 1614 3881 perfidia:
1635 3813 1856 3867 vestrm!

290 3904 403 3959 Vos
419 3903 510 3958 lilii
539 3905 667 3958 estis
693 3904 867 3973 potius
889 3903 1212 3972 viperarum,
1241 3904 1294 3956 in
1320 3905 1469 3958 vobis
1507 3905 1634 3973 ipsis
1657 3919 1862 3959 venena

288 4004 572 4068 portantes
604 4013 615 4047 :
649 3995 738 4063 qui
776 3994 1085 4063 parentibus
1119 3991 1324 4047 infertis
1349 4010 1554 4057 necem,
1585 4004 1641 4049 ct
1668 4011 1735 4049 ex
1763 3996 1865 4050 hoc

289 4090 411 4158 ipso
449 4103 557 4156 quo
585 4088 718 4140 alios
738 4086 999 4150 occiditis,
1021 4087 1174 4140 vobis
1200 4086 1327 4155 ipsis
1351 4086 1625 4140 interitum
1667 4103 1866 4156 praepa-

290 4179 443 4232 ratis.
476 4178 550 4230 De
570 4178 738 4242 vobis,
763 4193 796 4231 ο
822 4175 1006 4242 Judmi,
1032 4176 1158 4230 dicit
1183 4176 1442 4244 propheta
1475 4176 1637 4229 David
1664 4195 1675 4228 :
1709 4176 1867 4230 Erra-

290 4277 474 4322 verunt
501 4285 532 4320 a
561 4276 747 4330 ventre,
799 4267 952 4319 locuti
981 4273 1099 4318 sunt
1147 4266 1301 4335 falsa.
1336 4264 1429 4318 Ira
1454 4265 1560 4318 illis
1588 4265 1865 4317 secundum

290 4360 680 4413 similitudinem
709 4358 958 4427 serpentis
990 4357 1161 4427 (Psal.
1196 4356 1343 4425 Lvn).
1374 4355 1440 4409 Et
1467 4356 1742 4425 apostolus
1769 4372 1866 4409 n0-

293 4457 409 4501 ster
435 4447 630 4501 Paulus
651 4448 725 4499 ait
758 4464 770 4498 :
806 4444 1031 4509 Quorum
1062 4445 1197 4499 Deus
1235 4455 1405 4498 venter
1430 4455 1525 4510 est,
1548 4455 1597 4498 et
1616 4447 1779 4515 gloria
1810 4448 1861 4499 in

1951 1907 2080 1962 dicit
2098 1908 2374 1977 Scriptura
2398 1927 2410 1961 :
2437 1909 2666 1963 Credidit
2687 1910 2947 1963 Abraham
2984 1909 3116 1973 Deo,
3148 1919 3197 1963 et
3227 1911 3522 1980 deputatum

1949 2008 2024 2052 est
2046 2000 2122 2052 illi
2153 2000 2222 2051 ad
2239 1997 2516 2069 justitiam,
2539 2009 2587 2053 et
2607 2001 2799 2053 amicus
2821 2000 2918 2054 Dei
2937 2001 3227 2070 appellatus
3247 2010 3323 2053 est
3345 1999 3520 2070 (Rom.

1948 2090 2044 2159 iv).
2075 2089 2216 2158 Ergo
2238 2091 2506 2144 Abraham
2533 2106 2639 2145 non
2663 2106 2728 2145 ex
2756 2091 3164 2146 circumcisione
3196 2088 3524 2159 justifiestus

1950 2189 2051 2244 est,
2081 2180 2175 2235 sed
2204 2194 2272 2234 ex
2299 2181 2421 2235 fide.
2452 2180 2691 2234 Credidit
2727 2181 2869 2234 enim
2899 2180 3066 2235 verbo
3097 2179 3224 2243 Dei,
3255 2187 3311 2233 et
3325 2178 3524 2247 justiti-

1950 2277 2100 2326 catus
2119 2279 2221 2335 est,
2254 2277 2310 2325 et
2335 2270 2757 2325 benedictionem
2788 2285 2819 2324 a
2849 2271 2958 2324 Deo
2987 2277 3309 2325 consecutus
3335 2276 3440 2334 est,
3469 2275 3524 2322 et

1950 2363 2083 2430 ipse,
2128 2369 2183 2416 et
2209 2376 2392 2416 semen
2421 2359 2542 2415 ﬁdei
2569 2361 2702 2429 ejus.
2735 2360 2868 2414 Nam
2917 2359 3222 2426 considera,
3263 2374 3332 2413 ne
3359 2365 3518 2428 putes

1951 2452 2410 2508 circumcisionem
2430 2452 2634 2519 signum
2663 2465 2784 2505 esse
2815 2449 3072 2517 fidelium,
3103 2457 3228 2504 ante
3255 2449 3524 2503 Abraham

1953 2559 2143 2599 omnes
2170 2543 2340 2598 sancti
2362 2542 2715 2597 incircumcisi
2744 2541 2981 2605 fuerunt,
2998 2549 3054 2596 et
3079 2541 3312 2610 puritate
3332 2541 3527 2595 mentis

1955 2634 2182 2688 Domino
2221 2633 2557 2702 placuerunt,
2587 2640 2642 2686 et
2671 2632 2926 2701 populum
2969 2631 3326 2685 Christianum
3357 2631 3528 2699 magis

1956 2723 2055 2793 ipsi
2102 2723 2153 2776 in
2181 2737 2239 2777 se
2285 2729 2671 2776 monstrarunt.
2705 2721 2964 2776 Percurre
2991 2722 3231 2776 ordinem
3262 2722 3312 2774 in
3340 2737 3526 2775 saero-

1954 2815 2152 2870 sanctis
2176 2813 2390 2868 Litteris
2416 2814 2645 2883 positum
2665 2853 2680 2879 ,
2715 2822 2770 2868 et
2810 2813 3048 2868 invenies
3092 2827 3279 2868 omnes
3309 2814 3380 2867 ita
3409 2827 3530 2868 esse

1957 2915 2016 2960 ut
2042 2907 2288 2960 dicimus.
2313 2905 2520 2959 Primus
2540 2905 2655 2974 ipse
2675 2905 2864 2971 Adam,
2887 2907 2979 2974 qui
3007 2906 3254 2960 manibus
3281 2906 3374 2960 Dei
3397 2907 3529 2974 plas-

1958 3003 2134 3050 matus
2186 3004 2286 3060 est,
2343 2994 2500 3066 741
2541 2995 2947 3051 incircumcisus
2973 2995 3296 3065 permansit;
3337 2993 3532 3050 deinde

1957 3089 2090 3142 Abel
2124 3087 2329 3154 justus,
2363 3086 2507 3141 Enos
2561 3094 2616 3142 et
2644 3087 2856 3152 Enoch,
2893 3087 3006 3142 Noe
3052 3095 3108 3142 et
3147 3086 3532 3141 Melchisedech

1958 3178 2209 3234 sacerdos
2235 3179 2426 3232 summi
2449 3179 2544 3232 Dei
2577 3197 2590 3231 :
2618 3179 2747 3245 justi
2777 3195 2984 3244 omnes,
3015 3195 3188 3248 neque
3214 3178 3531 3244 circumcisi,

1960 3277 2019 3324 ut
2038 3269 2284 3336 dicimus,
2307 3269 2598 3323 secundum
2627 3283 2846 3323 carnem
2877 3269 3116 3333 fuerunt,
3147 3285 3318 3338 neque
3342 3271 3535 3324 diserc~

1961 3360 2133 3413 tiones
2161 3373 2403 3414 escarum
2450 3360 2770 3413 habuerunt.
2796 3359 2928 3413 Nam
2975 3358 3042 3412 de
3071 3359 3360 3422 Abraham,
3388 3360 3534 3427 quod

1960 3450 2422 3505 circumcisionem
2474 3449 2675 3504 dicitur
2713 3450 3018 3518 accepisse,
3067 3449 3155 3502 illa
3202 3449 3534 3503 circumcisio

1960 3556 2068 3596 non
2097 3542 2260 3595 habet
2279 3541 2553 3611 praemium
2574 3541 2783 3607 salutis,
2805 3541 2900 3596 sed
2921 3541 3128 3608 signum
3156 3543 3336 3594 datum
3363 3540 3534 3594 fuerat

1958 3644 3533 3699 generis...............

2302 3762 2317 3776 ο
2398 3762 2413 3776 0
2490 3761 2505 3776 ο
2584 3760 2602 3776 0
2678 3760 2693 3776 ο
2770 3760 2786 3776 0
2861 3761 2880 3776 0
2958 3761 2974 3776 0
3050 3761 3066 3776 0
3145 3760 3160 3776 0
3238 3759 3254 3775 0
3326 3760 3347 3775 ν
3425 3759 3439 3774 ο
3515 3755 3532 3774 ο

1965 3852 1980 3866 0
2067 3851 2082 3866 0
2181 3853 2197 3866 ο
2295 3851 2311 3866 0
2389 3851 2405 3866 0
2485 3851 2502 3866 ο
2578 3848 2594 3865 ο
2673 3849 2690 3866 0
2765 3850 2780 3865 0
2856 3849 2876 3866 ο
2948 3847 2968 3866 0
3046 3848 3062 3864 ο
3131 3847 3156 3865 ο
3226 3847 3250 3865 0
3328 3847 3343 3864 ο
3421 3848 3437 3863 0
3516 3841 3534 3864 δ

1962 3905 2101 3960 tilios
2144 3904 2326 3970 Israel,
2371 3903 2611 3960 secundo
2650 3935 2668 3959 ι
2741 3941 2760 3958 .
2831 3934 2854 3957 ι.
2924 3940 2947 3957 .
3025 3939 3041 3956 .
3120 3938 3135 3955 .
3210 3900 3400 3956 habuit
3423 3900 3537 3969 jam

1963 3995 2138 4066 primo
2188 3995 2490 4050 circumcisi
2568 4033 2583 4047 .
2663 4032 2680 4047 .
2753 4031 2773 4049 .
2853 4030 2868 4047 .
2947 4032 2961 4046 .
3037 3991 3188 4056 dere,
3233 3990 3332 4047 sed
3377 3991 3539 4060 spiri-

1967 4085 2183 4138 tualiter
2211 4084 2436 4150 intelligi
2476 4090 2714 4152 Oportet,
2755 4083 2880 4150 quia
2908 4096 3004 4150 per
3032 4082 3226 4148 legem,
3258 4082 3310 4135 id
3335 4089 3418 4136 est
3444 4095 3542 4150 per

1966 4182 2231 4245 praicepta
2259 4173 2390 4242 legis
2411 4171 2716 4227 circumcidi
2745 4173 2812 4225 ab
2842 4171 3105 4225 idolorum
3132 4171 3276 4224 cultu
3305 4178 3540 4240 oportet,

1965 4262 2204 4319 secundo
2232 4277 2329 4331 per
2370 4260 2715 4328 Evangelium
2762 4257 3092 4313 circumcidi.
3125 4258 3321 4311 Dicunt
3367 4258 3541 4311 adhuc

1966 4353 2170 4408 Judaei:
2205 4352 2324 4406 Filii
2363 4366 2544 4407 sumus
2572 4348 2828 4414 Abrahtc;
2878 4348 3071 4418 quibus
3121 4346 3386 4400 dicimus:
3419 4345 3541 4398 Filii

1969 4445 2197 4499 Abrahae
2220 4445 2369 4509 estis,
2403 4443 2423 4474 ³
2450 4444 2545 4498 sed
2573 4457 2641 4496 ex
2675 4440 2867 4495 ancilla
2896 4439 2964 4494 de
2991 4453 3093 4508 qua
3117 4438 3374 4506 scriptum
3411 4443 3493 4490 est
3519 4452 3538 4488 :

2568 4033 2583 4047 ο
2663 4032 2680 4047 ο
2753 4031 2773 4049 ο
2853 4030 2868 4047 ο
2947 4032 2961 4046 ο

293 4538 646 4606 confusionem
693 4551 867 4588 eorum
906 4535 988 4604 qui
1035 4542 1234 4587 terrena
1261 4535 1466 4604 sapiunt
1516 4533 1732 4604 (Philip.
1767 4534 1866 4597 ιιι).
1897 4521 1947 4582 Ῑ)
1971 4536 2119 4607 Ejice
2146 4536 2392 4590 ancillam
2435 4541 2484 4588 et
2520 4535 2687 4604 ﬁlium
2733 4533 2884 4602 ejus;
2915 4548 3017 4585 non
3057 4531 3194 4584 enim
3241 4529 3405 4581 heres
3445 4526 3542 4579 erit

293 4623 437 4691 Ergo
467 4629 781 4676 erraverunt
802 4638 832 4674 a
860 4630 1046 4676 ventre
1065 4663 1079 4687 ,
1111 4623 1272 4676 loculi
1301 4630 1425 4676 sunt
1453 4622 1602 4688 falsa,
1654 4622 1731 4675 ira
1763 4623 1866 4677 illis

293 4713 586 4768 secundum
601 4712 998 4766 similitudinem
1028 4713 1293 4781 serpentis
1322 4730 1335 4764 :
1363 4713 1454 4782 qui
1475 4713 1704 4780 vipereis
1729 4729 1867 4766 mor-

291 4807 442 4860 sibus
482 4805 684 4858 viscera
714 4812 996 4872 parentum
1041 4805 1456 4873 sanguinemque
1485 4803 1782 4868 fundentes,
1813 4814 1870 4859 et

291 4898 516 4953 sceleris
544 4898 709 4951 vestri
757 4897 963 4951 lubrico
1008 4897 1218 4966 dilapsi,
1249 4897 1303 4949 in
1350 4897 1536 4951 alienis
1561 4896 1869 4952 vulneribus

292 4987 652 5043 volvebamini
672 5004 686 5052 ;
709 4986 906 5054 quique
921 4986 1051 5053 legis
1074 4995 1339 5054 prtecepta
1362 4985 1751 5040 contemnendo
1773 5001 1870 5056 per

295 5079 476 5132 varias
497 5078 780 5134 criminum
833 5077 1050 5145 culpas,
1075 5077 1219 5130 velut
1249 5092 1344 5145 per
1372 5077 1661 5145 prmeipitia
1700 5079 1868 5132 multa

292 5169 524 5224 diversis
551 5169 760 5223 casibus
786 5168 1082 5223 corruistis.
1114 5167 1245 5220 Vide
1280 5167 1410 5233 jam,
1441 5168 1484 5220 si
1514 5176 1684 5237 potes,
1707 5185 1868 5237 quam

295 5259 471 5314 foedus
490 5261 560 5313 sit
585 5273 851 5328 quamque
877 5258 1049 5328 turpis
1077 5257 1170 5327 qui
1196 5272 1255 5311 se
1279 5257 1534 5325 sanguine
1623 5270 1858 5309 comma-

1965 4630 2111 4699 ﬁlius
2133 4628 2340 4682 ancilla:
2366 4643 2479 4679 cum
2506 4627 2618 4696 ﬁlio
2645 4624 2822 4679 libera
2859 4623 3066 4696 (Cenes.
3096 4636 3207 4686 xxi,
3235 4616 3409 4673 Galat.
3431 4617 3539 4687 iv);

1969 4737 2068 4775 nos
2097 4719 2150 4772 in
2198 4717 2365 4784 gloria
2393 4716 2488 4770 Dei
2539 4714 2631 4769 lilii
2675 4715 2855 4769 liberte
2880 4729 3084 4768 sumus.
3123 4711 3314 4766 Vester
3349 4708 3542 4764 lsmaei

1967 4818 2123 4881 pater
2176 4815 2278 4869 est,
2310 4805 2452 4859 unde
2497 4819 2667 4873 genus
2703 4804 2896 4858 ducitis
2925 4821 2942 4855 :
2977 4809 3165 4856 noster
3205 4807 3362 4870 pater
3395 4797 3544 4853 Isaac

1969 4907 2070 4963 est,
2095 4896 2235 4951 unde
2255 4894 2497 4950 ducimus
2516 4907 2705 4960 genus.
2729 4891 2751 4922 ‘
2778 4891 2836 4945 In
2856 4891 3023 4956 Isaac,
3053 4888 3242 4957 inquit,
3264 4888 3545 4944 vocabitur

1969 4990 2063 5045 tibi
2093 5003 2303 5052 semen;
2337 4986 2426 5040 ille
2453 4984 2821 5041 sanctissimus
2839 4981 3008 5045 Isaac,
3040 4995 3200 5051 quem
3227 4979 3541 5034 desideran-

1969 5075 2499 5148 tibusparentibus.
2575 5111 2593 5129 .
2672 5111 2687 5126 .
2765 5112 2782 5127 .
2861 5112 2878 5127 .
2954 5108 2972 5125 .
3051 5109 3068 5126 .
3146 5108 3162 5123 .
3243 5110 3260 5126 .
3335 5106 3352 5124 .
3428 5107 3445 5124 .
3525 5106 3543 5122 .

1971 5260 2039 5316 de
2067 5274 2173 5330 quo
2203 5258 2398 5314 dicitur
2435 5273 2448 5307 :
2483 5252 2615 5318 Quia
2644 5253 2697 5305 in
2727 5250 2920 5305 semine
2945 5258 3029 5303 tuo
3059 5248 3414 5305 benedicentur
3432 5268 3545 5304 om-

375 5448 392 5478 ¹
433 5443 582 5498 Hanc
595 5442 836 5497 eamdem
858 5440 1160 5502 veritatem,
1179 5446 1232 5492 et
1247 5437 1399 5505 quasi
1420 5437 1550 5506 ipsis
1565 5436 1743 5490 verbis
1765 5450 1888 5504 pro-
1983 5434 2207 5506 homine,
2232 5432 2402 5506 sedat
2422 5430 2572 5483 homo
2599 5427 2975 5506 gloriﬁcantia
3002 5427 3056 5478 in
3075 5422 3265 5506 .Deum.

295 5524 518 5570 secutus
550 5523 629 5566 est
676 5513 731 5566 S.
770 5511 1028 5563 Maximus
1058 5509 1352 5575 explanans
1383 5507 1668 5561 articulum
1707 5508 1882 5560 carnis

294 5583 688 5639 resurrectionis
721 5583 772 5634 in
804 5582 946 5633 hom.
982 5579 1047 5632 de
1083 5578 1390 5630 Traditione
1420 5577 1667 5645 symboli.

378 5655 396 5684 ‘
434 5653 588 5705 llum.
624 5651 647 5702 l
691 5650 759 5704 de
806 5649 926 5702 Nat.
957 5647 1168 5700 Domini
1209 5646 1346 5699 dixit
1373 5646 1432 5700 S.
1452 5643 1763 5698 Maximus:
1796 5643 1881 5697 Ita

311 5720 530 5778 Verbum
559 5737 677 5775 caro
694 5722 888 5782 factum
934 5726 1007 5771 est
1038 5733 1054 5770 :
1081 5733 1181 5770 non
1226 5726 1277 5768 ut
1309 5714 1445 5768 Deus
1486 5724 1785 5768 uacuaretur
1829 5715 1883 5766 in

2056 5506 2075 5535 ³
2106 5504 2160 5555 ln
2193 5494 2407 5556 homilia
2457 5514 2574 5566 quze
2600 5494 2802 5564 'incipit
2836 5513 2848 5547 :
2896 5494 3019 5548 Non
3055 5494 3388 5566 incommode
3424 5501 3548 5566 ante

1985 5574 2112 5639 dies,
2137 5579 2264 5632 cte.,
2299 5571 2373 5622 ait
2399 5569 2456 5622 S.
2475 5562 2646 5639 Maio,
2673 5562 2812 5639 Agar
2831 5575 3013 5639 tvpum
3045 5565 3336 5635 Synagoga‘.
3365 5562 3544 5627 fuisse,

1985 5635 2337 5706 eumdemque
2360 5639 2534 5691 locum
2564 5636 2803 5706 Apostoli
2832 5635 3003 5706 ail'ert.

2059 5714 2080 5744 ι
2118 5696 2266 5765 tdcm'
2281 5709 2438 5764 docet
2472 5706 2529 5763 s.
2557 5696 2690 5776 A63.
2723 5706 2789 5761 de
2817 5704 2974 5761 Civit.
3016 5703 3107 5757 Dei
3130 5701 3222 5760 lib.
3245 5717 3350 5768 xvi,
3383 5716 3413 5755 c
3457 5696 3542 5752 9.6.
