4138 6196
590 338 693 398 799

588 551 671 598 cst
698 543 984 600 Christus.‘
1014 546 1119 602 Iste
1139 555 1222 601 est
1244 547 1611 602 sanctissimus
1642 547 1810 613 Isaac,
1841 546 1932 614 qui
1954 545 2164 614 patiens

588 635 655 689 ad
677 635 945 690 victimam
967 636 1264 692 ducebatur
1286 638 1687 693 clementissimi
1708 638 1876 706 patris
1896 636 2165 705 praecipua

588 728 794 805 proles;
825 730 1321 797 qui,,ut_diximus,
1360 732 1554 786 Christi
1600 730 1888 798 imaginem
1926 737 2163 798 gestans,

590 835 766 888 neque
793 822 1050 888 genitoris
1098 822 1326 891 imperio
1372 822 1719 885 contradixit,
1762 836 1863 876 nec
1890 822 2165 876 victimam

589 910 861 978 suscipere
888 912 1174 965 recusavit.
1207 910 1348 979 Ergo
1378 911 1478 967 iste
1502 919 1656 980 pater
1678 919 1860 964 noster
1885 912 2165 980 probatur;

589 1007 767 1052 vestra
788 997 1143 1068 Hierusalem,
1168 1009 1381 1056 terrena
1409 1001 1617 1067 civitas,
1642 1010 1814 1054 mater
1839 1009 1951 1066 est;
1984 1010 2168 1055 nostra

588 1088 922 1143 Hierusalem
943 1131 959 1158 ,
989 1091 1224 1146 cmlestis
1242 1093 1450 1159 civitas,
1478 1099 1687 1157 mater;
1713 1092 1800 1145 illa
1828 1101 2025 1156 vestra,
2050 1106 2169 1161 qua:

591 1180 777 1251 periit;
803 1181 919 1236 btec
938 1191 1143 1248 nostra,
1169 1198 1288 1252 qua:
1314 1192 1595 1253 permanet
1622 1199 1862 1253 semper;
1893 1200 1990 1239 vos
2018 1184 2169 1253 prio-

592 1285 699 1334 res,
752 1286 853 1329 nos
904 1282 1227 1339 sequentes;
1257 1273 1382 1341 quia
1429 1282 1486 1327 et
1532 1272 1722 1327 lsmael
1742 1274 1923 1343 prior,
1975 1271 2169 1327 deinde

593 1360 783 1417 Isaac:
831 1362 957 1430 quia
996 1364 1087 1432 qui
1125 1364 1283 1432 primi
1309 1365 1603 1430 novissimi,
1654 1373 1709 1419 et
1757 1365 1849 1433 qui
1896 1362 2169 1420 novissimi

593 1450 772 1519 primi.
804 1449 1072 1521 Scriptum
1101 1461 1184 1506 est
1213 1470 1226 1506 :
1259 1455 1279 1485 ¹
1310 1452 1473 1507 Eritis
1502 1464 1676 1524 gentes
1719 1456 1772 1507 in
1800 1461 1971 1523 caput,
2003 1456 2170 1507 incre-

594 1540 744 1595 dulus
770 1551 940 1595 autem
965 1544 1183 1614 populus
1208 1546 1264 1599 in
1291 1544 1459 1598 cauda
1508 1545 1685 1616 (Deut.
1719 1546 1927 1614 xxvnl).
1954 1545 2087 1599 Nam
2115 1553 2172 1600 ct

593 1630 709 1699 ipse
734 1630 881 1687 Isaac
899 1631 1036 1687 duos
1063 1631 1203 1688 ﬁlios
1230 1635 1416 1701 genuit
1444 1632 1585 1688 Esau
1612 1642 1667 1689 et
1684 1633 1951 1699 Jacob,de
1979 1634 2171 1703 quibus

593 1722 793 1778 dictum
823 1722 997 1777 fuerat
1032 1724 1099 1777 ad
1146 1723 1446 1779 Rebeccam
1490 1724 1769 1793 conjugem
1806 1725 1955 1779 Isaac
1990 1724 2171 1779 divino

1792 342 1851 397 S.
1888 337 2131 395 ΜΑΧΙΜΙ
2170 335 2620 394 TAURINENSIS

588 467 677 506 nes
704 461 875 522 gentes
901 453 1107 525 (Cenes.
1135 456 1262 525 xx);
1291 471 1400 511 non
1422 455 1556 511 dixit
1577 455 1630 509 in
1652 456 1870 511 scmine'
1886 464 1997 517 tuo,
2020 450 2165 522 quod
2191 451 2239 511 Δ
2273 490 2287 504 .
2366 490 2381 504 .
2458 492 2473 505 .
2551 491 2566 505 .
2644 490 2659 504 .
2732 448 3036 507 discederet

3738 334 3849 395 800

3122 485 3139 502 .
3214 485 3235 502 .
3309 485 3330 505 .
3402 484 3424 503 .
3499 484 3519 505 .
3592 447 3845 519 populum

2267 544 3843 601 Christianum.............

2267 673 2803 780 Sedodicuniludzei
2881 672 2907 781 ζ
2980 673 3007 779 ἶ.
3075 672 3092 779 ξ
3169 672 3189 780 ζ
3262 672 3283 779 Ι
3358 672 3381 780 ζ
3448 672 3470 781 ζ
3547 672 3565 778 ξ
3644 672 3668 783 ξ
3736 675 3754 779 ἶ
3825 676 3845 782 ἶ

2267 905 2476 973 signum
2506 905 2693 960 salutis
2721 904 2864 975 apud
2884 920 2985 961 nos
3056 944 3074 960 .
3151 943 3167 959 .
3245 944 3262 960 .
3341 943 3357 959 .
3434 945 3451 960 .
3530 946 3548 961 .
3619 906 3678 961 in
3700 908 3850 976 signo

2270 998 2480 1055 Domini
2500 1014 2689 1055 omnes
2709 998 2911 1070 pariter
2937 998 3160 1053 masculi
3186 996 3506 1067 feminasque
3546 999 3847 1067 signantur,

2262 1088 2422 1159 signo
2451 1090 2661 1145 Domini
2686 1092 2960 1159 signamur
3002 1090 3061 1144 in
3089 1089 3268 1145 fronte
3310 1105 3473 1160 super
3505 1089 3644 1146 duos
3671 1100 3852 1161 postes

2269 1179 2337 1235 de
2356 1181 2613 1249 sanguine
2632 1181 2768 1251 Agni
2783 1180 2899 1244 Dei,
2917 1179 3009 1251 qui
3023 1180 3162 1235 tollit
3180 1188 3402 1251 peccata
3426 1180 3633 1247 mundi,
3655 1180 3723 1236 de
3743 1196 3849 1251 quo

2263 1269 2377 1338 jam
2405 1277 2533 1327 tunc
2578 1270 2632 1325 in
2658 1271 2776 1339 lege
2815 1270 2992 1326 fuerat
3027 1271 3317 1341 scriptum;
3356 1271 3503 1341 quod
3555 1273 3610 1327 in
3663 1281 3849 1329 sancto

2268 1360 2559 1431 Evangelio
2604 1361 2929 1431 completum
2958 1377 3077 1418 esse
3103 1362 3456 1431 dignoscitur,
3486 1363 3705 1433 quando
3738 1365 3848 1420 cla-

2268 1451 2496 1506 mabatis
2522 1451 2796 1507 dicentes:
2824 1450 3054 1523 Sanguis
3080 1452 3238 1523 753
3267 1452 3379 1522 ejus
3398 1469 3553 1522 super
3579 1470 3677 1507 nos
3697 1464 3746 1507 et
3772 1471 3852 1507 su-

2268 1561 2359 1613 per
2381 1543 2520 1614 ﬁlios
2547 1553 2751 1598 nostros
2778 1543 2990 1614 (Matth.
3023 1542 3211 1613 xxvn).
3244 1541 3352 1597 Sed
3376 1545 3532 1599 nobis
3558 1544 3675 1600 haec
3709 1546 3851 1599 salu.

2269 1632 2437 1688 briter
2455 1632 2714 1703 competit
2738 1632 2949 1689 dicere:
2981 1634 3199 1701 sanguis
3224 1632 3340 1701 ejus
3366 1649 3530 1703 super
3558 1650 3659 1689 nos
3686 1644 3742 1689 et
3769 1651 3853 1689 su-

2269 1737 2369 1793 per
2411 1722 2551 1778 ﬁlios
2577 1732 2809 1785 nostros,
2837 1723 2989 1778 vobis
3016 1722 3085 1778 ad
3130 1723 3630 1780 condemnationem
3649 1766 3666 1789 ,
3698 1726 3853 1781 nobis

592 1828 853 1885 responso
877 1833 889 1867 :
919 1814 1052 1871 Duo:
1070 1827 1243 1885 gentes
1270 1820 1324 1871 in
1348 1826 1492 1872 utero
1519 1828 1604 1871 tuo
1634 1826 1775 1884 sunt,
1803 1826 1853 1871 et
1873 1818 1974 1871 duo
1994 1817 2172 1887 populi
2200 1811 2247 1873 Β
2274 1829 2405 1869 vero
2431 1813 2501 1868 ad
2546 1814 2806 1881 salutem;
2834 1815 2958 1884 quia
2987 1814 3095 1870 alio
3122 1830 3221 1869 vos
3267 1815 3579 1884 proposito,
3616 1815 3724 1869 alio
3755 1831 3853 1870 nos

593 1905 659 1959 de
678 1915 853 1961 ventre
890 1916 974 1961 tuo
1002 1908 1325 1973 dividentur;
1351 1919 1400 1963 et
1436 1909 1654 1979 papulas
1680 1910 1925 1979 populum
1952 1925 2170 1978 supera-

593 1996 687 2059 bit,
739 2006 789 2049 et
842 1999 1011 2068 major
1064 2001 1246 2053 serviet
1287 2000 1508 2063 minori;
1546 2000 1669 2069 quia
1714 1997 1896 2065 Jacob,
1929 1999 2167 2068 inquam,

593 2084 754 2156 742
799 2086 978 2151 dilexi,
1031 2086 1172 2142 Esau
1227 2098 1398 2143 autem
1438 2088 1557 2144 odio
1582 2089 1738 2143 habui
1768 2087 1977 2160 (Cenes.
2008 2090 2161 2159 xxv).

593 2175 701 2230 Sed
726 2177 830 2231 hoc
869 2176 979 2245 jam
1026 2178 1271 2247 superius
1318 2187 1676 2234 memoratum
1722 2185 1841 2243 est;
1891 2192 2017 2233 nam
2055 2178 2172 2247 ipse

593 2265 756 2320 etiam
773 2264 946 2321 Jacob
975 2265 1109 2321 duas
1132 2268 1453 2323 describitur
1476 2269 1728 2323 habuisse
1748 2283 1946 2323 uxores
1963 2311 1978 2333 ,
2006 2283 2171 2323 unam

594 2355 742 2411 Liam
772 2356 1031 2426 majorem
1063 2368 1212 2426 natu,
1236 2361 1405 2415 oculis
1427 2362 1725 2428 inﬁrmam;
1757 2362 1917 2416 aliam
1945 2361 2167 2430 Rachel,

594 2448 880 2516 minorem,
928 2450 1275 2518 speciosam:
1320 2452 1408 2506 illa
1456 2453 1571 2519 Lia,
1623 2452 1845 2521 ﬁguram
1875 2454 2171 2526 Synagoga:

594 2538 864 2607 portabat,
896 2537 1125 2603 inﬁrma,
1156 2550 1215 2595 ut
1240 2541 1441 2596 dictum
1469 2551 1576 2608 est,
1626 2544 1813 2599 oculis.
1866 2543 2044 2611 Quare
2083 2546 2171 2600 in-

596 2628 747 2683 ﬁrma
775 2631 976 2686 oculis?
1003 2632 1128 2702 quia
1166 2631 1314 2690 visus
1340 2630 1635 2703 Synagoga:
1676 2634 1983 2704 languebat,
2013 2644 2070 2691 et
2110 2651 2170 2692 se

594 2720 649 2776 in
679 2720 800 2777 ﬁliis
828 2720 1130 2779 inﬁdelibus
1153 2738 1295 2793 saepe
1314 2723 1619 2793 plangebat.
1649 2724 1775 2782 Hec
1797 2742 1924 2781 vero
1946 2726 2169 2796 Rachel,

594 2826 710 2882 qua:
739 2812 959 2881 ﬁguram
986 2813 1237 2884 portabat
1261 2813 1530 2881 Ecclesim,
1559 2815 1626 2870 de
1641 2832 1745 2886 qna
1773 2818 2031 2888 scriptum
2060 2828 2167 2875 est:

595 2903 617 2936 ⁸
643 2904 876 2974 Speciosi
895 2906 1030 2959 oculi
1061 2907 1131 2959 tui
1159 2906 1291 2959 sicut
1309 2906 1555 2961 columba:
1584 2906 1756 2977 (Cant.
1782 2908 1821 2978 ι)
1848 2926 1862 2961 :
1893 2918 1949 2963 et
1975 2909 2169 2965 iterum

595 3001 781 3048 noster
801 2995 1073 3064 apostolus
1099 2994 1295 3051 Paulus
1323 2995 1454 3050 dicit
1474 2996 1541 3050 de
1567 3012 1631 3051 ea
1655 3014 1668 3050 :
1695 3014 1797 3052 non
1832 2998 2025 3053 habens
2052 3017 2167 3054 ma-

596 3083 765 3139 culam
792 3091 879 3136 aut
907 3100 1089 3153 rugam
1117 3083 1332 3155 (Ephes.
1362 3086 1440 3155 v),
1463 3092 1556 3140 aut
1582 3087 1797 3156 aliquod
1824 3089 2164 3160 hujusmodi;

2269 1905 2497 1961 dicimus
2532 1905 2836 1972 intellectu;
2860 1920 2958 1960 vos
2976 1903 3234 1973 furendo,
3251 1920 3352 1960 nos
3379 1905 3623 1971 orando;
3653 1921 3753 1961 vos
3772 1907 3853 1961 in-

2269 1995 2554 2062 sultando,
2593 2010 2692 2051 nos
2733 1995 3046 2066 suppliciter
3078 1994 3436 2065 postulando;
3472 2010 3571 2051 vos
3607 2010 3677 2050 ex
3704 1996 3851 2063 odio,

2270 2100 2371 2141 nos
2394 2100 2464 2141 ex
2504 2100 2721 2153 amore;
2750 2101 2848 2141 vos
2891 2093 2953 2140 ut
2980 2086 3179 2152 tristes,
3206 2101 3307 2142 nos
3333 2093 3509 2141 autem
3536 2094 3597 2141 ut
3640 2102 3854 2157 semper

2271 2175 2585 2243 gaudentes.
2612 2174 2721 2230 Vos
2740 2174 3007 2231 latronem
3035 2175 3291 2244 elegistis,
3314 2175 3437 2244 quia
3465 2190 3627 2231 omne
3654 2176 3853 2231 animal

2271 2266 2339 2320 ad
2367 2266 2468 2320 sibi
2489 2266 2663 2321 simile
2683 2266 3047 2333 convertitur;
3077 2282 3176 2322 nos
3203 2266 3432 2322 Domino
3460 2268 3721 2337 elegimus
3738 2284 3852 2325 ser-

2270 2358 2405 2413 vire.
2434 2356 2549 2413 Nos
2570 2375 2713 2429 ergo,
2738 2358 2911 2428 inquit
2938 2358 3254 2429 Apostolus,
3293 2359 3498 2413 Domini
3519 2376 3726 2426 sumus;
3756 2376 3851 2417 vos

2270 2450 2441 2507 secuti
2487 2450 2617 2505 estis
2663 2450 2927 2504 latronem
2971 2449 3200 2505 Domino
3229 2450 3703 2520 improperantem,
3752 2467 3852 2507 nos

2269 2541 2439 2597 secuti
2467 2556 2650 2597 sumus
2689 2540 2956 2596 latronem
2983 2539 3269 2596 Dominum
3295 2541 3612 2596 adorantem
3641 2550 3701 2597 et
3720 2558 3852 2597 con.-

2270 2629 2510 2686 ﬁtentcm
2531 2632 2585 2686 in
2608 2645 2767 2686 cruce
2795 2648 2808 2684 :
2841 2629 3082 2696 Domine,
3104 2641 3357 2686 memento
3383 2634 3486 2686 mei
3513 2634 3853 2687 cum-veneris

2268 2723 2325 2777 in
2350 2738 2563 2793 regnum
2603 2730 2763 2778 tuum.
2790 2718 2891 2775 Cui
2920 2720 3173 2777 Dominus
3200 2721 3276 2775 ait
3304 2738 3318 2774 :
3348 2722 3532 2788 Amen,
3563 2723 3679 2776 dico
3709 2723 3800 2776 tibi
3826 2736 3849 2777 :

2271 2812 2424 2867 hodie
2458 2828 2655 2866 mecum
2674 2813 2776 2866 eris
2814 2812 2870 2866 in
2897 2811 3144 2882 paradiso
3173 2810 3321 2883 (Luc.
3354 2812 3527 2881 nul).
3560 2809 3604 2866 Ο
3632 2812 3856 2867 beatum

2269 2904 2446 2975 ipsum
2462 2888 2757 2971 κιαι-ωηιξη),
2789 2905 2881 2973 qui
2904 2911 3111 2958 tantam
3133 2911 3356 2973 repente
3382 2904 3580 2959 meruit
3601 2903 3861 2958 sanctita--

2269 3002 2401 3064 tem,
2424 3004 2479 3051 et
2506 2980 2605 3050 sub
2632 2994 2747 3065 ipsa
2775 3004 2948 3051 morte
2976 2995 3225 3050 transivit
3257 2993 3327 3049 ad
3364 2994 3560 3050 lucem.
3605 2996 3626 3026 ⁵
3655 2993 3725 3048 Et
3750 2994 3854 3064 ipsi

2270 3086 2379 3142 duo
2407 3085 2661 3150 latrones,
2690 3101 2827 3144 unus
2847 3093 3101 3150 vestram,
3127 3085 3264 3140 alter
3276 3092 3515 3142 nostram
3536 3085 3849 3142 ostendebat

597 3171 754 3240 hujus
790 3174 1104 3244 perspicuus
1144 3183 1200 3230 et
1241 3175 1495 3246 spiritalis
1525 3177 1699 3233 fuerat
1737 3180 1903 3236 visus.
1939 3179 2073 3237 Nam
2116 3191 2173 3239 et
2199 3168 2243 3231 C
2274 3176 2581 3244 imaginem.
2614 3174 2894 3231 OCCidiSliS
2924 3175 3234 3241 Dominum,
3265 3182 3321 3232 ει
3346 3176 3688 3245 sratulamini
3720 3189 3850 3230 =00-

599 3260 730 3319 illud
765 3264 911 3333 quod
943 3266 996 3320 in
1044 3268 1302 3337 mysterio
1330 3268 1567 3338 loquitur
1614 3273 1911 3340 apostolus,
1936 3273 2173 3344 intellige

599 3371 757 3426 quam
786 3358 982 3427 populo
1003 3357 1306 3415 Christiano
1334 3362 1619 3417 conveniat
1643 3380 1656 3416 :
1681 3362 1703 3393 ⁸
1724 3361 1955 3432 Primus,
1979 3366 2173 3437 inquit,

600 3446 749 3501 homo
792 3448 856 3501 de
905 3456 1040 3501 terra
1072 3457 1324 3516 terrenus,
1365 3451 1615 3504 secundus
1643 3467 1757 3506 vero
1782 3454 1932 3508 homo
1953 3454 2017 3508 de
2050 3456 2173 3509 cado

591 3537 810 3596 scelestis
840 3537 892 3610 (l
904 3537 1026 3593 Cor.
1058 3542 1167 3609 xv).
1186 3538 1371 3605 Qualis
1399 3548 1665 3607 terrenus,
1688 3542 1827 3598 tales
1866 3552 1923 3599 et
1951 3544 2172 3614 terreni;

598 3637 653 3684 et
678 3630 849 3699 qualis
872 3630 1124 3697 cmlestis,
1147 3632 1283 3689 tales
1302 3639 1358 3687 et
1384 3632 1647 3700 caelestes,
1671 3634 1826 3691 etlex
1847 3650 1968 3706 qua:
1992 3651 2181 3691 secun-

2272 3267 2479 3323 cidistis
2505 3267 2743 3336 quidem,
2783 3266 2879 3322 sed
2906 3282 3014 3322 non
3042 3266 3312 3322 occidistis
3330 3310 3344 3335 ,
3376 3275 3555 3323 tamen
3583 3267 3849 3323 occidistis

2272 3358 2570 3425 voluntate,
2599 3357 2693 3412 sed
2723 3372 2830 3411 non
2858 3356 3128 3412 occidistis
3166 3358 3220 3412 in
3246 3358 3473 3413 veritate
3491 3400 3508 3425 ,
3538 3354 3666 3428 quia
3692 3356 3848 3413 Chri-

2272 3455 2389 3504 stus
2418 3448 2470 3503 in
2496 3455 2757 3503 mternum
2786 3455 2988 3501 manet.
3005 3445 3181 3503 Jaeuit
3209 3448 3421 3517 quidem
3436 3464 3633 3519 corpus
3661 3450 3715 3504 in
3739 3465 3851 3504 mo-

2274 3544 2551 3605 numento,
2581 3536 2677 3593 sed
2701 3536 2944 3594 Christus
2979 3538 3242 3608 regnabat
3278 3539 3334 3593 in
3359 3538 3519 3595 cmlo.
3564 3538 3682 3595 Non
3709 3540 3855 3596 enim

2273 3635 2487 3700 poterat
2524 3627 2800 3684 includere

601 3719 725 3775 dum
755 3721 987 3778 litteram
1028 3722 1307 3792 accipitur,
1335 3724 1552 3788 occidit,
1578 3726 1788 3796 spiritus
1816 3736 1984 3781 autem
2009 3729 2176 3798 viviﬁ-
2277 3758 2296 3777 .
2380 3758 2400 3777 .
2486 3759 2503 3776 .
2592 3759 2609 3775 .
2699 3759 2715 3773 .
2804 3756 2822 3773 .
2898 3759 2917 3775 .
2993 3759 3013 3775 .
3087 3756 3105 3774 .
3179 3758 3196 3773 .
3274 3759 3291 3775 .
3367 3758 3387 3775 .
3459 3759 3477 3774 .
3552 3760 3573 3776 .
3649 3761 3670 3775 .
3741 3760 3762 3774 .
3834 3758 3851 3776 .

601 3821 684 3865 sat
712 3810 800 3883 (II
821 3811 942 3867 Cor.
975 3812 1083 3882 ιιι).
1115 3812 1355 3885 Moyses,
1386 3830 1507 3869 nam
1539 3825 1599 3870 ut
1617 3820 2174 3886 commemoravimus,

601 3901 871 3971 accipiens
898 3903 1108 3971 priores
1128 3903 1337 3959 tabulas
1364 3905 1667 3960 confractas
1691 3908 1921 3977 projecit
1938 3948 1953 3974 ,
1977 3908 2099 3964 ideo
2120 3916 2179 3964 ut

602 3991 910 4045 ostenderet
932 3999 1167 4045 vestrum
1197 3992 1468 4061 lapideum
1504 4009 1601 4049 cor
1624 3994 1976 4067 confractum,
2005 4008 2060 4053 et
2086 4014 2176 4054 re-

601 4079 919 4150 probatum;
944 4079 1370 4138 Christianorum
1396 4098 1527 4139 vero
1545 4085 1737 4141 divinis
1764 4087 1967 4157 legibus
1995 4098 2178 4160 aptum

602 4177 764 4239 aIQue
783 4171 1120 4226 servandum.
1158 4171 1309 4229 Unde
1330 4173 1462 4229 dicit
1484 4174 1759 4247 Scriptura
1780 4178 1847 4233 de
1875 4179 2179 4237 Christiano

605 4261 801 4332 populo
834 4280 847 4316 :
881 4260 981 4327 Qui
1004 4265 1282 4319 ostendunt
1301 4282 1427 4337 opus
1444 4267 1576 4340 legis
1604 4272 1948 4341 conscriptum
1968 4273 2024 4325 in
2067 4289 2182 4327 cor-

2487 3849 2504 3866 0
2589 3847 2610 3868 ο
2700 3850 2721 3867 0
2796 3852 2811 3867 0
2889 3848 2909 3867 ο
2986 3850 3004 3866 0
3080 3851 3097 3867 0
3174 3850 3191 3867 0
3269 3850 3285 3866 0
3364 3850 3380 3866 0
3458 3851 3476 3868 0
3552 3852 3570 3867 0
3644 3849 3663 3867 ο
3742 3850 3759 3867 0
3838 3850 3855 3865 0

2276 3916 2385 3957 non
2414 3900 2702 3957 includitur
2721 3901 2775 3956 in
2823 3909 3174 3957 monumento
3221 3916 3346 3959 cum
3390 3917 3640 3973 corpore,
3690 3903 3865 3957 multo

2276 3993 2448 4060 magis
2474 3992 2731 4048 divinitus
2758 3992 2957 4047 includi
2985 4006 3093 4047 non
3114 3999 3342 4063 poterat.
3374 3990 3517 4061 Ergo
3543 3993 3675 4047 vivit
3701 3992 3860 4048 Chri-

2278 4091 2393 4139 stus
2413 4084 2467 4139 in
2486 4093 2776 4151 :eternum;
2805 4084 2943 4139 sicut
2961 4091 3018 4139 et
3043 4093 3261 4139 sanctus
3287 4081 3508 4153 angelus
3533 4082 3753 4139 Gabriel
3779 4085 3863 4140 di-

2279 4176 2437 4230 cebat
2462 4175 2529 4231 ad
2556 4175 2845 4244 gloriosam
2868 4174 3092 4231 Mariam
3124 4193 3138 4229 :
3171 4175 3429 4247 Regnabit
3447 4178 3502 4230 in
3524 4177 3676 4231 domo
3698 4176 3863 4232 Iacob

2278 4267 2333 4321 in
2364 4275 2631 4332 teternum,
2655 4275 2705 4320 et
2737 4266 2883 4337 regni
2918 4267 3032 4337 ejus
3067 4283 3173 4321 non
3194 4268 3293 4321 erit
3318 4267 3441 4337 finis
3464 4267 3621 4338 (Luc.
3650 4268 3727 4337 ιι)
3759 4286 3774 4321 :
3807 4277 3866 4324 et

601 4353 751 4407 dibus
794 4355 901 4409 suis
924 4354 1115 4425 (Rom.
1147 4355 1205 4427 ιι)
1241 4374 1253 4408 :
1286 4356 1628 4425 Cognoscens
1655 4361 1834 4414 omnia
1867 4361 2000 4428 hate,
2031 4370 2086 4416 et
2112 4378 2181 4418 ex
2281 4357 2675 4427 septuagesimo
2701 4357 2877 4427 primo
2904 4358 3112 4427 psalmo
3131 4357 3199 4414 de
3226 4358 3344 4428 ipso
3371 4358 3567 4414 dicitur
3596 4377 3611 4412 :
3654 4358 3865 4413 Orietur

602 4442 721 4511 lege
747 4452 801 4497 et
828 4446 1121 4515 prophetis,
1154 4445 1328 4501 adhuc
1372 4448 1576 4516 majora
1597 4450 1942 4507 considerans
1964 4462 2182 4509 sanctus
2283 4449 2337 4502 ίη
2358 4449 2536 4502 diebus
2563 4448 2673 4517 eius
2694 4449 2901 4519 Ϊαεεῖῑία
2919 4458 2969 4502 εί
2996 4449 3317 4504 abundantia
3335 4452 3500 4521 Ρασίεο
3524 4451 3751 4518 Quando
3779 4452 3865 4506 di-

602 4533 878 4602 apostolus
919 4535 1133 4601 Paulus,
1176 4537 1447 4604 separavit
1473 4552 1533 4591 se
1577 4553 1608 4591 a
1649 4540 1831 4607 vobis,
1865 4556 1964 4596 nec
1995 4541 2180 4611 jugum
2208 4534 2261 4595 Ι)
2284 4542 2469 4597 cebat:
2500 4541 2521 4571 ⁶
2544 4539 2643 4605 Qui
2664 4548 2712 4594 te
2729 4543 3036 4611 percusserit
3056 4544 3110 4596 in
3133 4541 3369 4597 dextram
3381 4544 3669 4609 maxillam,
3694 4544 3867 4614 prwbe

602 4637 725 4676 cum
773 4621 1075 4678 inﬁdelibus
1102 4623 1303 4679 ducere
1329 4626 1527 4692 voluit;
1552 4628 1672 4697 quia
1711 4645 1813 4682 non
1850 4640 1926 4684 est
1963 4634 2180 4689 societas
2282 4635 2363 4689 illi
2392 4643 2441 4689 et
2461 4634 2712 4700 alteram;
2742 4636 2859 4688 etei
2894 4638 2982 4706 qui
3003 4636 3107 4689 rult
3131 4644 3290 4689 tecum
3310 4636 3510 4706 judicio
3555 4636 3867 4691 contendere

603 4713 786 4770 lumini
805 4715 872 4768 ad
891 4716 1144 4783 tenebras,
1170 4733 1263 4771 nec
1284 4734 1406 4785 pars
1421 4718 1563 4789 ﬁdeli
1590 4736 1704 4773 cum
1725 4722 1926 4791 infideli
1949 4722 2036 4793 (11
2057 4722 2179 4781 Cor.

606 4805 721 4874 vn);
748 4805 1016 4860 convertit
1052 4820 1113 4861 se
1150 4806 1221 4860 ad
1266 4807 1531 4863 Christum
1576 4812 1833 4877 maxime,
1865 4813 1989 4881 quia
2018 4815 2086 4870 ab
2114 4830 2182 4872 eo

603 4904 723 4951 erat
748 4897 1073 4967 admonitus,
1104 4905 1164 4952 ut
1236 4937 1253 4953 .
1330 4937 1347 4954 .
1428 4938 1443 4954 .
1522 4939 1537 4955 .
1612 4902 1944 4959 credulitatis
1978 4904 2084 4973 jur.
2160 4944 2178 4962 .

680 5088 704 5167 ’_
737 5087 791 5141 In
831 5091 978 5167 hom.
1012 5092 1037 5145 l
1073 5092 1143 5147 de
1188 5092 1464 5167 Paschate,
1496 5109 1615 5164 quze
1655 5094 1840 5164 incipit
1872 5113 1884 5148 :
1920 5094 2179 5167 Beneficia

605 5153 913 5239 Deinostri,
938 5172 1067 5230 etc.,
1086 5164 1334 5239 eumdem
1362 5153 1563 5219 Isaac-a
1590 5173 1745 5233 patre
1762 5153 2179 5224 sacriﬁcandum

605 5225 804 5281 Christi
828 5225 1221 5287 ﬁguram'dixit.

679 5298 698 5327 '
727 5295 928 5374 Alludit
964 5300 1021 5355 S.
1054 5300 1195 5374 Max.
1227 5304 1330 5374 illis
1374 5304 1591 5359 verbis:
1626 5302 1748 5373 Ipse
1774 5305 1872 5356 erit
1916 5305 1969 5357 in
2004 5313 2176 5374 caput,

606 5374 661 5443 et
680 5375 731 5443 tu
753 5369 854 5419 eris
875 5369 927 5443 in
955 5371 1191 5426 caudam.
1223 5372 1294 5427 Et
1318 5377 1521 5428 venient
1554 5369 1707 5443 super
1736 5382 1782 5426 te
1809 5390 1981 5427 omnes
2021 5369 2181 5429 male-

608 5437 855 5516 dictiones
884 5439 1112 5495 istaz.....
1158 5444 1277 5516 quia
1324 5462 1427 5498 non
1468 5437 1709 5497 audivisti
1754 5459 1923 5496 vocem
1971 5443 2181 5497 Domini

608 5505 705 5559 Dei
733 5506 824 5584 tui,
857 5522 957 5584 n_e_c_
973 5505 1185 5563 servasti
1218 5516 1463 5568 mandata
1499 5516 1611 5584 ejus
1631 5523 1678 5566 et
1706 5515 2034 5568 crcremonias
2054 5530 2181 5581 quas

608 5576 839 5644 prwcipit
866 5577 977 5644 tibi,
1006 5586 1112 5635 etc.

611 5644 794 5768 “LII:
821 5646 1061 5720 Vulgata,
1093 5648 1297 5705 Cantic.
1329 5668 1377 5717 ι,
1412 5653 1606 5722 legitur
1638 5674 1651 5709 :
1704 5652 1855 5710 Oculi
1892 5656 1963 5709 tui
1989 5655 2183 5711 colunt—

740 5733 756 5767 1
791 5752 809 5768 α

740 5733 809 5771 tu.

2284 4734 2333 4780 et
2365 4727 2588 4779 tunicam
2615 4734 2755 4778 tuam
2785 4724 2981 4791 tollere,
3028 4725 3228 4779 dimitte
3262 4726 3340 4779 illi
3368 4734 3418 4779 et
3443 4725 3680 4792 pallium.
3725 4724 3868 4791 Quid

2280 4816 2499 4886 justius,
2530 4815 2659 4884 quid
2678 4815 2879 4883 utilius,
2909 4829 3069 4883 quam
3103 4814 3469 4884 impatientem
3492 4815 3749 4884 patientia
3773 4829 3869 4869 su-

2285 4919 2497 4978 perare,
2521 4911 2577 4960 et
2595 4904 2802 4959 damnis
2820 4904 2998 4975 potius
3026 4905 3256 4976 opprimi
3276 4921 3437 4975 quam
3465 4906 3725 4961 luerando
3747 4921 3869 4976 pec-

2357 5099 2379 5130 ⁸
2414 5098 2558 5152 Idem
2589 5097 2831 5166 Apostoli
2861 5098 3009 5153 locus
3030 5100 3250 5154 all'ertur
3277 5116 3306 5153 a
3336 5100 3567 5155 Maximo
3592 5101 3645 5155 in
3676 5101 3871 5157 homil.

2285 5168 2355 5223 de
2384 5168 2673 5222 Nativitate
2696 5168 2927 5232 Domini,
2958 5184 3076 5238 qum
3100 5170 3287 5240 incipit
3317 5188 3329 5223 :
3372 5169 3438 5223 In
3486 5170 3707 5224 adventu
3754 5172 3865 5226 Do-

2284 5239 2430 5313 mini,
2466 5240 2654 5313 fratres
2681 5240 2955 5303 carissimi,
2978 5241 3175 5294 solutus
3201 5248 3276 5294 est
3304 5240 3469 5294 omnis
3489 5251 3721 5311 paterna:
3740 5259 3878 5313 prte-

2284 5308 2617 5361 earicationis
2644 5316 2839 5376 metus,
2871 5318 2977 5364 etc.

2357 5378 2378 5408 ⁸
2408 5376 2622 5431 Duabus
2642 5378 2696 5431 in
2716 5377 2951 5433 homiliis
2971 5379 3215 5435 conversi
3236 5379 3459 5435 latronis
3482 5378 3641 5433 ﬁdem
3663 5380 3876 5436 exaltat

2287 5445 2345 5519 _S.
2375 5446 2654 5519 Maximus,
2672 5462 2901 5519 eumque
2926 5464 2991 5503 ex
3022 5449 3261 5518 patibulo
3288 5452 3340 5504 in
3369 5449 3674 5519 paradisum
3696 5458 3875 5506 trans-

2289 5517 2455 5571 latum
2483 5516 2645 5571 fuisse
2673 5516 3108 5585 eloquentissime
3134 5519 3314 5575 tradit.

2366 5586 2545 5670 “nQuze
2570 5597 2864 5667 sequuntur
2888 5588 2956 5670 de
2983 5590 3681 5670 sanctitateprzeceptorum
3708 5588 3873 5670 Cluvi:

2289 5656 2357 5710 sti
2387 5655 2617 5735 Domini,
2634 5666 2943 5728 supponunt
2963 5658 3067 5713 alia
3082 5655 3437 5730 praecedentia
3463 5655 3531 5714 ab
3553 5660 3874 5715 amanuensi

2293 5741 2506 5785 omissa.
