4138 6196
294 352 395 407 801

1310 346 1720 407 TRACTATUS
1752 347 1818 404 V.
1858 347 2133 407 CONTRA
2168 348 2469 411 JUDJEOS.

3445 361 3552 418 00‘)

294 467 446 525 care!
475 465 614 522 Sunt
636 462 779 521 enim
804 472 1073 536 praecepta
1095 464 1316 535 jnstitia:
1344 466 1556 522 Domini
1583 466 1878 521 Salvatoris
1903 470 1955 527 Λ
1980 468 2140 541 745
2188 486 2408 525 munera
2455 470 2749 541 perferunt.
2782 471 3034 544 Sequitur
3073 474 3127 530 in
3177 475 3424 545 psalmo:
3481 478 3552 534 Et

295 563 352 617 in
395 568 584 618 sancto
623 558 914 626 Evangelia
941 558 1237 628 designata.
1263 558 1331 613 Et
1358 575 1427 615 ne
1453 560 1671 629 longum
1696 560 1766 614 sit
1794 567 1879 614 to—

294 663 410 708 tum
436 653 633 716 dicere,
666 658 791 721 post
830 651 1103 719 aliquanta
1132 651 1376 719 sequitur
1407 669 1420 703 :
1465 659 1515 705 et
1560 650 1879 705 abundantia

296 747 459 817 pacis,
501 745 664 797 donec
703 745 969 813 auferatur
994 744 1117 796 luna
1148 742 1318 813 (Psal.
1341 742 1505 812 Lxxt).
1539 741 1877 797 Ahundantia

296 835 464 906 pacis,
508 834 633 903 quia
679 834 793 902 ipse
840 840 923 887 est
951 832 1068 887 fons
1104 818 1419 902 purissimus
1458 833 1628 903 pacis,
1668 834 1720 886 in
1770 846 1879 901 quo

296 925 456 979 nulla:
480 930 605 977 sunt
625 921 944 976 turbulentae
972 922 1111 986 lites,
1146 922 1289 976 nulla
1324 921 1620 976 amaritudo
1644 921 1875 986 malitias,

298 1013 394 1069 sed
423 1013 596 1067 omnis
608 1010 887 1081 plenitudo
908 1010 1204 1065 dulcedinis
1225 1011 1501 1079 omnisque
1524 1012 1879 1079 tranquillitas

299 1102 576 1160 bonitatis.
610 1102 685 1155 De
716 1101 818 1155 isto
864 1101 977 1170 ipse
1027 1100 1197 1155 David
1225 1100 1486 1170 prOpheta
1518 1100 1623 1155 alio
1663 1100 1879 1155 dicebat

300 1194 355 1247 in
394 1193 515 1247 loco
547 1209 560 1245 :
605 1189 817 1245 Gustate
851 1199 901 1244 et
945 1189 1105 1261 7M
1130 1190 1293 1244 videte
1332 1192 1573 1261 quoniam
1600 1192 1767 1244 suavis
1801 1198 1877 1243 est

300 1282 576 1337 Dominus.
608 1281 795 1334 Beatus
823 1281 901 1333 vir
926 1282 1013 1351 qui
1038 1289 1211 1349 sperat
1236 1281 1289 1332 in
1317 1296 1431 1333 eum
1462 1278 1630 1349 (Psal.
1655 1279 1875 1349 xxxm);

305 1376 433 1444 quia
461 1373 715 1427 Dominus
746 1371 957 1426 dicebat
980 1389 992 1423 :
1024 1370 1215 1424 Pacem
1234 1387 1399 1423 meam
1424 1371 1489 1423 do
1517 1370 1673 1435 vobis,
1700 1387 1878 1440 pacem

298 1479 468 1517 meam
488 1462 717 1532 relinquo
737 1460 894 1514 vobis.
919 1458 987 1513 Iu
1012 1460 1105 1514 hoc
1125 1461 1259 1514 enim
1280 1462 1440 1513 scient
1459 1476 1633 1513 omnes
1649 1461 1877 1515 homines

301 1552 440 1621 quod
461 1550 702 1620 discipuli
730 1551 830 1603 mei
850 1552 992 1615 estis,
1008 1551 1054 1602 si
1072 1551 1285 1603 invicem
1309 1550 1537 1620 diligatis
1549 1550 1727 1623 (Joan.
1744 1552 1877 1621 xw).

300 1641 369 1695 Et
400 1643 591 1695 iterum
639 1640 890 1695 dicebat:
926 1639 1071 1694 Beati
1109 1642 1333 1711 paciﬁci,
1382 1642 1622 1711 quoniam
1660 1644 1758 1712 ipsi
1782 1644 1880 1712 ﬁlii

301 1732 401 1785 Dei
431 1732 761 1787 vocabuntur.
794 1731 938 1784 Beati
958 1748 1205 1801 pauperes
1234 1733 1436 1802 spiritu,
1474 1734 1715 1803 quoniam
1742 1734 1879 1803 ipso-

1976 558 2266 612 adorabunt
2313 578 2427 615 eum
2473 578 2650 616 omnes
2690 580 2836 634 reges
2890 575 3082 630 teme;
3142 584 3320 621 omnes
3375 580 3551 639 gentes

1976 650 2197 702 servient
2246 651 2295 704 ei
2348 651 2522 721 (Psal.
2571 652 2760 723 Lxxt):
2803 655 2947 724 quod
2974 656 3249 726 impletum
3275 659 3547 725 videmus;

1977 740 2101 807 quia
2131 740 2327 809 ubique
2346 758 2542 797 nomen
2571 744 2783 799 Domini
2810 745 3006 801 Christi
3030 748 3285 803 aduratur
3320 750 3389 804 ab
3429 767 3551 806 om-

1977 828 2134 882 nibus
2162 831 2391 899 regibus,
2414 831 2675 886 duntaxat
2694 833 3029 904 Christianis,
3052 840 3402 909 omnibusque
3423 857 3553 911 gen-

1979 916 2138 969 tibus.
2192 917 2300 973 Sed
2349 928 2405 974 et
2430 921 2475 975 si
2500 930 2622 975 sunt
2649 922 2812 991 aliqui
2842 939 2996 993 reges
3023 936 3114 981 aut
3140 937 3330 996 gentes
3358 932 3550 1002 aliqua:

1978 1022 2097 1075 qua:
2143 1009 2330 1063 nolunt
2368 1012 2614 1076 adorare,
2646 1014 2785 1069 sicut
2809 1024 2865 1070 et
2890 1032 2986 1071 vos
3007 1016 3197 1086 Judazi,
3226 1030 3409 1076 manet
3434 1038 3551 1078 car-

1977 1112 2070 1151 cer
2094 1106 2346 1165 azternus,
2380 1113 2561 1156 manet
2577 1103 2837 1171 judicium
2867 1107 2962 1160 Dei
2987 1124 3001 1159 :
3032 1107 3190 1175 Deus,
3218 1112 3294 1165 ait
3319 1114 3552 1181 prophe-

1977 1193 2051 1252 ta,
2067 1188 2367 1259 manifesrus
2388 1193 2550 1245 veniet
2570 1192 2711 1246 Deus
2730 1204 2924 1262 noster,
2947 1206 2996 1249 et
3016 1214 3117 1251 non
3141 1200 3361 1253 tardabit
3378 1201 3550 1270 (Psal.

1979 1277 2157 1346 xux);
2189 1280 2281 1346 qui
2306 1282 2451 1334 venit
2480 1282 2532 1335 in
2561 1282 2861 1339 humilitate
2885 1288 3146 1353 occultus,
3179 1291 3357 1344 veniet
3376 1292 3427 1345 in
3455 1307 3553 1362 po-

1978 1376 2177 1424 testate
2196 1372 2529 1428 manil‘estus.
2578 1374 2728 1429 Tunc
2746 1376 2952 1431 videbit
2974 1393 3097 1432 eum
3126 1382 3299 1435 omnis
3319 1398 3464 1447 caro,
3498 1383 3553 1439 id

1978 1468 2062 1513 est
2111 1461 2286 1515 omnis
2339 1463 2520 1529 homo,
2564 1468 2688 1534 quia
2716 1484 2886 1523 omnes
2913 1469 3160 1525 stabimus
3188 1482 3308 1526 ante
3329 1475 3553 1529 tribunal

1981 1548 2187 1615 Christi,
2214 1560 2269 1603 ut
2296 1554 2509 1621 recipiat
2529 1558 2876 1627 unusquisque
2901 1561 3113 1627 propria
3136 1564 3384 1631 corporis,
3403 1574 3554 1633 prout

1979 1642 2151 1710 gessit,
2182 1643 2287 1695 sive
2314 1643 2501 1697 bonum
2530 1646 2633 1698 sive
2652 1648 2844 1701 malum
2874 1648 3050 1718 (Rom.
3083 1652 3223 1720 xlv);
3247 1668 3370 1707 nam
3398 1663 3453 1707 et
3499 1655 3553 1710 in

1980 1730 2097 1799 ipso
2117 1732 2325 1800 psalmo
2354 1734 2407 1786 in
2433 1736 2609 1803 capite
2639 1737 2752 1789 ait:
2783 1737 2941 1804 Deus,
2964 1740 3218 1809 judicium
3256 1751 3396 1795 tuum
3438 1743 3546 1813 regi

301 1840 419 1876 mm
464 1833 542 1876 eu
581 1839 792 1893 regnum
820 1822 1062 1877 caelorum
1094 1822 1308 1894 (Matth.
1335 1823 1413 1893 v).
1439 1822 1506 1878 Et
1532 1824 1875 1890 abundantia,
1909 1826 1954 1885 Β
1982 1821 2069 1888 da,
2098 1831 2147 1874 et
2162 1822 2422 1891 justitiam
2453 1834 2595 1878 tuum
2614 1828 2725 1895 ﬁlio
2747 1830 2882 1899 regis
2906 1829 3077 1899 (Psal.
3099 1832 3279 1901 Lxxt);
3310 1834 3434 1900 quia
3458 1849 3551 1888 rex

304 1915 1880 1983 inquit,...............

301 2277 411 2333 Sed
438 2275 779 2347 postmodum
817 2273 1090 2330 extollitur
1118 2282 1171 2329 et
1197 2274 1440 2342 erigitur,
1472 2290 1592 2329 cum
1622 2274 1689 2328 ad
1717 2274 1881 2329 cmic-

305 2368 411 2422 stia
434 2381 598 2435 regna
622 2365 855 2420 Domino
881 2364 1171 2418 auxiliante
1199 2363 1525 2434 perducitur.
1550 2362 1800 2431 Sequitur
1825 2363 1881 2417 in

300 2458 512 2528 psalmo
537 2476 549 2509 :
579 2455 647 2509 Et
674 2453 1019 2509 dominabitur
1038 2471 1071 2507 a
1100 2456 1233 2507 mari
1259 2470 1416 2524 usque
1443 2454 1513 2507 ad
1548 2471 1713 2519 mare,
1760 2462 1811 2507 et
1848 2470 1881 2507 a

300 2545 621 2617 ﬂuminibus,
646 2561 803 2612 usque
822 2544 889 2595 ad
911 2544 1153 2596 terminos
1171 2544 1307 2597 orbis
1332 2542 1666 2613 terra:(Psal.
1699 2541 1876 2613 Lxxl):

300 2637 408 2691 hoc
437 2644 520 2690 est
560 2650 657 2705 per
703 2635 981 2687 universas
1007 2640 1213 2700 gentes,
1265 2639 1321 2687 et
1356 2647 1453 2703 per
1503 2640 1676 2687 totum
1727 2648 1885 2687 mun-

300 2728 467 2793 dum,
506 2741 611 2795 qua
644 2740 704 2780 se
752 2724 909 2793 longe
952 2724 1167 2792 lateque
1211 2721 1434 2777 dill'usus
1468 2721 1667 2778 Oceani
1713 2722 1881 2777 ambi-

301 2827 392 2872 tus
415 2816 582 2878 ducit,
607 2822 663 2870 et
682 2814 917 2868 omnium
947 2820 1209 2868 terrarum
1238 2812 1372 2867 lines
1412 2811 1652 2868 includit.
1688 2811 1882 2881 Sequi-

301 2917 392 2962 tur
415 2925 428 2960 :
461 2904 526 2959 In
548 2914 818 2975 conspectu
842 2904 953 2973 ejus
982 2902 1247 2973 procident
1274 2901 1551 2972 zEthiopes
1568 2942 1583 2965 ,
1609 2911 1659 2954 et
1683 2901 1883 2955 inimici

301 2998 415 3068 ejus
444 3007 633 3051 terram
659 2996 856 3065 lingent
878 2991 1085 3064 (Ibid.).
1112 2992 1396 3062 Ethiopes
1414 2993 1490 3047 illi
1517 3000 1642 3048 sunt
1668 2993 1883 3063 spiritus

303 3089 647 3143 tenebrarum
674 3086 766 3155 qui
812 3085 863 3139 in
898 3091 1187 3154 conspectu
1214 3082 1445 3152 Domini,
1477 3084 1531 3138 id
1568 3090 1654 3139 est
1681 3083 1735 3137 in
1780 3084 1881 3138 ad-

1981 1917 2037 1963 et
2062 1910 2200 1964 lilius
2220 1913 2360 1979 regis
2381 1913 2493 1982 ipse
2514 1924 2596 1968 est
2623 1916 2880 1971 Dominus
2899 1916 3175 1985 Christus;
3230 1930 3285 1976 et
3331 1922 3385 1975 in
3414 1938 3552 1977 con-

1980 1999 2221 2054 clusione
2249 2002 2439 2069 psalmi
2468 2003 2636 2059 dicit:
2691 2005 2987 2075 Replebitur
3024 2009 3194 2079 gloria
3240 2013 3351 2082 ejus
3391 2013 3558 2066 omnis

1982 2096 2120 2141 terra
2140 2105 2158 2141 :
2182 2090 2279 2158 ﬁat
2298 2092 2394 2159 ﬁat
2426 2091 2637 2163 (Ibid.).
2669 2092 2735 2148 Et
2768 2111 2867 2149 nos
2892 2096 3117 2152 dicimus
3159 2102 3558 2155 consentientes

1980 2186 2168 2233 sancto
2187 2180 2461 2249 propheta:
2485 2198 2606 2237 cum
2632 2184 2842 2239 Domini
2862 2202 2993 2241 voce
3017 2205 3029 2239 :
3055 2188 3233 2254 Amen,
3262 2208 3429 2257 amen,
3455 2193 3558 2249 hoc

1980 2277 2065 2323 est
2087 2284 2214 2324 vere
2243 2267 2489 2326 ﬁdeliter.
2547 2272 2764 2329 lteratio
2793 2286 2972 2331 autem
3001 2280 3263 2335 sermonis
3292 2282 3389 2335 ista
3421 2298 3555 2338 con-

1981 2359 2336 2416 ﬁrmationem
2382 2363 2437 2416 in
2489 2378 2548 2418 se
2575 2364 2816 2420 continet
2858 2368 3119 2423 veritatis.
3178 2369 3289 2425 Deo
3332 2375 3554 2442 gratias.

1980 2450 2121 2520 Ergo
2149 2454 2538 2509 convincuntur
2559 2456 2837 2512 evidenter
2857 2456 3025 2513 Judazi
3052 2478 3065 2513 :
3099 2460 3209 2517 Deo
3226 2462 3451 2531 juvante
3471 2466 3551 2524 sic

1980 2543 2220 2598 dicamus
2246 2554 2435 2599 contra
2460 2561 2576 2613 eos,
2607 2562 2715 2601 non
2736 2548 2912 2603 studio
2943 2551 3196 2615 nocendi,
3228 2560 3288 2607 ut
3315 2568 3410 2609 eos
3455 2555 3556 2611 de-

1980 2634 2153 2688 victos
2180 2636 2523 2704 perimamus,
2556 2637 2695 2691 absit
2736 2653 2766 2691 a
2816 2638 2998 2705 nobis;
3046 2642 3288 2710 spiritale
3317 2646 3555 2713 praelium

1983 2738 2083 2793 pro
2126 2723 2405 2779 hominum
2451 2726 2625 2782 salute
2652 2728 2856 2795 geritur
2883 2746 2897 2783 :
2929 2744 3077 2784 arma
3106 2740 3288 2788 nostra
3313 2750 3419 2789 non
3447 2733 3557 2791 sint

1982 2816 2237 2879 carnalia,
2268 2816 2362 2871 sed
2407 2816 2563 2872 fortia
2593 2833 2624 2872 a
2653 2818 2783 2874 Deo.
2814 2820 3001 2890 Itaque
3028 2822 3237 2878 salvare
3263 2838 3359 2880 eos
3404 2827 3556 2896 cupi-

1980 2920 2101 2958 mus
2138 2912 2195 2959 et
2221 2906 2321 2961 sub
2365 2906 2507 2974 regis
2536 2908 2703 2962 nostri
2729 2907 3039 2964 Christi.....
3069 2921 3402 2969 convertere.
3432 2914 3551 2969 Non

1980 3008 2109 3064 ergo
2130 2995 2279 3050 litem
2305 3011 2622 3065 qumramus,
2647 3000 2773 3067 quia
2792 2999 3073 3054 veritatem
3095 3001 3434 3070 inquirimus;
3456 3004 3557 3058 Ini-

1980 3086 2198 3140 litamus
2248 3086 2350 3141 sub
2384 3100 2508 3155 rege
2534 3086 2778 3157 paciﬁca,
2808 3098 2864 3144 et
2890 3092 3038 3159 pacis
3059 3100 3233 3148 castra
3263 3102 3554 3151 sectamur.

304 3187 472 3233 ventu
510 3177 628 3247 ejus
653 3176 852 3231 turbati
927 3216 943 3231 .
1018 3214 1035 3230 .
1111 3212 1128 3228 .
1203 3213 1221 3229 .
1294 3211 1312 3228 .
1388 3212 1405 3228 .
1481 3214 1497 3229 .
1572 3213 1590 3231 .
1671 3212 1689 3228 .
1765 3212 1783 3229 .
1861 3216 1878 3231 .
1908 3172 1955 3236 C
1984 3174 2215 3243 Ideoque
2247 3190 2360 3243 eos,
2388 3185 2448 3230 ut
2472 3177 2602 3242 dixi,
2630 3179 2874 3233 volumus
2899 3180 2968 3235 de
3012 3184 3342 3251 tempestivis
3385 3184 3559 3241 nacti.

303 3537 408 3593 sed
434 3538 669 3592 lambere
710 3546 907 3591 terram
934 3537 1201 3603 dicuntur,
1232 3536 1502 3604 quomodo
1529 3544 1582 3591 et
1609 3536 1695 3591 isti
1771 3576 1785 3590 .
1861 3574 1879 3590 .

494 3668 510 3683 .
581 3638 639 3684 et
666 3637 862 3684 terram
888 3629 1181 3683 lambiunt?
1207 3628 1313 3683 hoc
1339 3636 1423 3683 est
1453 3636 1719 3683 terrenam
1740 3628 1885 3682 litte-

305 3737 429 3775 rant
477 3728 532 3776 et
573 3720 842 3776 carnalem
870 3719 1119 3773 astutiam
1148 3718 1407 3788 diligunt,
1438 3718 1730 3787 spiritalem
1756 3733 1884 3773 vero

304 3814 537 3883 gratiam
568 3829 674 3867 non
722 3812 1034 3879 requirunt?
1078 3811 1330 3878 Sequitur
1360 3810 1413 3864 in
1440 3810 1644 3879 psalmo
1676 3827 1689 3861 :
1721 3808 1885 3880 Reges

300 3916 465 3957 terra:
482 3914 530 3957 et
544 3903 725 3957 insula:
737 3919 950 3955 munera
968 3902 1207 3969 oﬂ'erunt.
1237 3901 1396 3972 Reges
1418 3900 1643 3954 Arabum
1664 3908 1713 3953 et
1742 3900 1885 3955 Saba

306 3996 451 4047 dona
474 3993 733 4045 adducunt
761 3991 972 4061 (Ibid.).
995 3989 1184 4045 Oriens
1205 4004 1334 4057 ergo
1354 3999 1409 4044 et
1433 3988 1711 4053 Occidens,
1738 3988 1885 4058 quod

304 4082 710 4139 manifestatum
739 4089 822 4137 est
848 4082 1026 4136 denuo
1048 4081 1100 4134 in
1128 4088 1316 4136 sancto
1344 4078 1646 4148 Evangelio,
1672 4079 1885 4149 quando

306 4174 457 4241 magi
480 4180 744 4227 venerunt
769 4178 1048 4241 portantes
1068 4184 1310 4233 munera,
1343 4182 1551 4234 aurum,
1578 4168 1721 4231 thus,
1750 4182 1887 4236 myr-

304 4266 469 4319 rham
505 4282 518 4316 :
549 4278 739 4318 aurum
765 4262 1049 4316 oﬂ'erentes
1099 4266 1159 4313 ut
1203 4258 1315 4326 regi
1359 4258 1650 4327 pretiosam
1691 4257 1881 4324 ﬁdem;

308 4354 438 4407 thus
458 4366 642 4416 suave,
684 4348 1005 4405 sacriﬁcium
1040 4347 1216 4401 laudis
1250 4355 1311 4400 ut
1350 4346 1461 4401 Deo
1466 4363 1489 4419 5
1519 4346 1791 4416 myrrham
1816 4345 1885 4400 ad

307 4443 567 4498 indicium
590 4448 646 4496 et
670 4441 983 4508 obsequium
1010 4439 1318 4508 sepultum.
1349 4437 1484 4492 Item
1512 4452 1700 4491 aurum
1746 4438 1878 4506 regi,

310 4534 440 4589 thus
475 4530 760 4594 sacerdoti,
801 4529 1070 4600 myrrham
1114 4528 1378 4584 sacriﬁcio
1420 4545 1433 4581 :
1471 4528 1596 4597 quia
1643 4527 1884 4583 Christus
1912 4515 1959 4575 Ι)

310 4622 573 4680 Dominus
600 4630 654 4678 et
674 4636 772 4676 rex
798 4628 899 4687 est,
929 4628 985 4675 et
1008 4619 1277 4684 sacerdos,
1305 4626 1361 4673 et
1384 4617 1719 4673 sacriﬁcium.
1750 4617 1885 4683 Quia

312 4731 410 4771 rex
441 4722 541 4780 est,
571 4714 684 4783 ipse
712 4713 786 4766 ait
817 4729 830 4765 :
862 4710 975 4782 Ego
1015 4718 1183 4763 autem
1211 4710 1515 4764 constitutus
1540 4723 1654 4761 sum
1692 4724 1786 4760 rex
1822 4707 1887 4759 ab

312 4824 373 4860 eo
409 4804 583 4875 (Psal.
612 4804 671 4873 ιι)
691 4820 705 4868 ;
727 4801 871 4871 quod
900 4801 1150 4855 sacerdos
1182 4818 1195 4853 :
1226 4800 1321 4866 Tu,
1354 4799 1525 4868 inquit
1550 4798 1618 4852 ad
1644 4812 1768 4853 eum
1795 4796 1892 4851 Pa-

314 4905 420 4960 ter,
444 4912 498 4949 es
525 4894 765 4948 sacerdos
794 4894 849 4946 in
877 4900 1123 4946 teternum
1167 4890 1445 4945 secundum
1490 4888 1725 4943 ordinem
1752 4886 1887 4941 Mel-

314 4986 583 5042 chisedech
630 4985 799 5057 (Psal.
850 4986 949 5053 tx).
994 4983 1322 5039 Sacriﬁcium
1376 4982 1649 5052 apostolus
1692 4980 1890 5036 Paulus

313 5079 418 5140 ait,
452 5077 534 5146 qui
561 5076 785 5143 seipsum
829 5074 1009 5127 obtulit
1057 5071 1366 5125 oblationem
1419 5080 1468 5125 et
1515 5072 1736 5125 hostiam
1776 5070 1887 5125 Deo

312 5170 367 5219 iu
416 5166 626 5221 odorem
693 5167 839 5219 bona:
889 5164 1156 5217 suavitatis
1212 5162 1450 5232 (Ep/tes.
1503 5160 1602 5232 v).
1663 5161 1883 5227 Aurum,

317 5256 443 5310 thus
472 5264 525 5310 et
552 5255 841 5325 myrrham.
876 5254 1079 5308 Aurum
1118 5267 1214 5307 rex
1242 5252 1451 5319 quaerit,
1484 5250 1536 5304 id
1589 5258 1674 5305 est
1718 5250 1887 5306 electa

314 5343 523 5407 corda;
582 5344 706 5399 thus
762 5343 904 5397 Deus
976 5342 1249 5396 orationes
1303 5348 1480 5394 castas
1523 5348 1579 5394 et
1622 5340 1791 5394 bonas
1830 5339 1886 5393 in

314 5436 541 5491 odorem
568 5436 719 5492 bona:
747 5435 1084 5504 fragrantize;
1128 5433 1401 5503 myrrham
1446 5432 1512 5487 ad
1558 5432 1886 5501 sepulturam

315 5515 625 5582 sanctorum
670 5526 804 5596 ejus.
836 5524 974 5593 Ergo
1014 5522 1247 5591 undique
1285 5522 1469 5591 populi
1515 5520 1583 5575 ad
1621 5520 1890 5576 Christum

1982 3265 2084 3321 bus
2104 3266 2302 3320 erroris
2315 3266 2381 3319 ad
2403 3274 2616 3335 portum
2641 3268 2829 3322 salutis
2844 3270 3155 3337 perducere,
3178 3281 3234 3326 et
3254 3289 3351 3343 per
3363 3277 3558 3331 atrium

1982 3354 2223 3409 veritatis
2250 3354 2303 3408 in
2331 3355 2548 3410 domum
2594 3357 2827 3424 regalem
2856 3358 3065 3412 Domini
3105 3364 3273 3416 nostri
3317 3364 3558 3420 introdu-

1983 3460 2127 3510 cere,
2168 3453 2227 3499 ut
2277 3444 2405 3498 ﬁant
2430 3445 2497 3500 de
2526 3446 2759 3501 inimicis
2804 3448 2983 3512 amici,
3014 3456 3069 3502 et
3113 3449 3182 3504 de
3229 3452 3557 3509 antichristis

1982 3532 2291 3590 Christiani.
2345 3535 2574 3590 Videant
2620 3552 2872 3606 pascuum
2901 3538 3224 3607 spiritalem;
3248 3539 3481 3607 videant,
3508 3544 3557 3600 si

1983 3636 2280 3697 merentur,
2320 3627 2540 3683 sceleste
2584 3628 2917 3695 convivium;
2970 3628 3189 3684 videant
3231 3630 3555 3688 dominicam

1984 3733 2242 3783 mensam,
2298 3727 2356 3773 et
2394 3727 2614 3773 cantent
2638 3719 2913 3773 nobiscum
2937 3735 3059 3775 cum
3091 3721 3253 3775 David
3296 3723 3556 3793 propheta

1984 3807 2319 3863 sanctissimo
2346 3808 2632 3863 dicentes:
2666 3808 2914 3863 Dominus
2957 3812 3125 3879 pascit
3173 3828 3276 3878 me,
3327 3821 3378 3868 et
3424 3814 3556 3867 nihil

1983 3899 2109 3952 mihi
2157 3900 2348 3965 deerit;
2394 3902 2450 3954 in
2498 3902 2609 3955 loco
2647 3917 2853 3971 pascua:
2895 3902 2964 3955 ibi
2988 3919 3067 3956 me
3086 3904 3353 3958 collocavit
3382 3904 3552 3975 (Psal.

1985 3990 2151 4059 xxu);
2200 3999 2255 4045 et
2282 3991 2515 4045 iterum:
2569 3990 2737 4054 Quam
2765 3993 3012 4046 amabilia
3056 4003 3176 4047 sunt
3222 3995 3559 4049 tabernacula

1983 4088 2093 4143 tua,
2122 4079 2339 4133 Domine
2363 4082 2636 4133 virtutum!
2656 4084 2968 4151 concupiscit
2988 4094 3037 4135 et
3056 4084 3229 4153 deﬁcit
3248 4086 3424 4137 anima
3446 4102 3559 4139 mea

1982 4168 2037 4221 in
2063 4169 2199 4221 atria
2219 4167 2430 4221 Domini
2460 4167 2628 4235 (Psal.
2661 4169 2906 4236 Lxxxm).
2939 4169 3045 4223 Sed
3066 4171 3188 4225 huic
3223 4174 3557 4240 persuasioni

1983 4258 2313 4315 contendunt
2338 4257 2485 4326 impii
2503 4256 2697 4319 Judaei,
2726 4258 3035 4328 maluntque
3053 4262 3191 4313 mori
3210 4277 3374 4330 quam
3395 4264 3556 4327 vinci,

1982 4348 2222 4403 dicentes
2253 4366 2266 4401 :
2298 4347 2406 4401 Nos
2433 4361 2595 4401 unum
2624 4346 2852 4401 colimus
2902 4347 3091 4414 Deum,
3131 4348 3271 4402 sicut
3298 4351 3556 4419 scriptum

1984 4446 2069 4493 est
2094 4438 2148 4492 in
2176 4437 2325 4493 libris
2353 4436 2520 4507 Moysi
2548 4454 2561 4489 :
2596 4437 2614 4468 ί
2651 4435 2776 4491 Non
2816 4445 2966 4490 erunt
2996 4438 3083 4490 tibi
3113 4437 3185 4490 dii
3230 4439 3323 4491 alii
3370 4439 3558 4507 absque

1985 4545 2083 4594 me,
2106 4536 2156 4583 et
2178 4527 2451 4581 Dominum
2465 4524 2630 4579 Deum
2647 4534 2785 4579 tuum
2804 4526 3065 4589 adorabis,
3084 4534 3131 4578 et
3146 4525 3222 4579 illi
3235 4528 3331 4579 soli
3351 4527 3556 4589 servies;

1987 4628 2043 4675 et
2066 4637 2079 4672 :
2102 4618 2255 4684 Audi,
2282 4616 2470 4679 Israel,
2500 4615 2754 4671 Dominus
2776 4615 2916 4670 Deus
2954 4625 3087 4679 tuus,
3137 4614 3389 4669 Dominus
3426 4630 3557 4667 unus

1987 4721 2064 4766 est
2103 4710 2279 4780 (Deut.
2324 4710 2419 4776 vt).
2460 4708 2576 4763 Hoc
2627 4717 2976 4778 praeceptum,
3027 4708 3277 4775 clamant,
3320 4705 3564 4776 patribus

1989 4800 2150 4871 756
2192 4799 2371 4852 datum
2399 4805 2499 4861 est,
2530 4798 2674 4865 quod
2702 4812 2801 4851 nos
2836 4811 3051 4850 servare
3105 4804 3317 4864 oportet
3343 4803 3398 4849 et
3423 4811 3559 4849 con-

1989 4890 2155 4943 venit.
2180 4888 2382 4954 Quibus
2403 4887 2626 4941 dicimus
2652 4903 2665 4938 :
2700 4886 2870 4941 Dicite
2896 4899 3024 4953 ergo
3045 4901 3139 4939 cur
3166 4892 3345 4953 patres
3371 4886 3558 4951 vestri,

1989 4980 2177 5035 relicto
2199 4978 2299 5032 isto
2320 4992 2426 5031 uno
2452 4976 2583 5039 Deo,
2612 4974 2678 5029 ad
2703 4974 2845 5029 idola
2873 4973 3115 5029 conversi
3136 4974 3298 5027 sunt?
3336 4972 3404 5025 Et
3426 4975 3560 5043 fece-

1991 5078 2109 5123 runt
2128 5067 2338 5122 vitulum
2360 5067 2414 5119 in
2438 5065 2633 5133 Horeb,
2667 5074 2717 5118 et
2744 5064 3083 5117 adoraverunt
3112 5062 3367 5131 sculptile,
3389 5072 3438 5116 et
3458 5064 3561 5117 im-

1992 5164 2310 5212 mutaverunt
2331 5156 2548 5227 gloriam
2576 5171 2720 5208 suam
2744 5154 2798 5206 in
2827 5151 3212 5205 similitudinem
3241 5154 3384 5206 vituli
3411 5170 3560 5206 man-

1992 5249 2227 5301 ducantis
2248 5248 2416 5317 fenum
2441 5245 2608 5317 (Psal.
2633 5244 2752 5314 cv);
2776 5252 2831 5299 et
2858 5242 3163 5297 serviebant
3190 5243 3392 5298 militia:
3414 5244 3559 5298 cmlil

1993 5338 2299 5406 Adjungunt
2326 5354 2339 5389 :
2370 5335 2447 5389 llli
2479 5334 2738 5400 viderint;
2770 5348 2868 5387 nos
2888 5332 3172 5388 nescimus.
3201 5331 3402 5398 Quibus
3429 5331 3557 5385 dici-

1991 5444 2146 5483 mus:
2180 5427 2373 5481 Auditc
2400 5438 2545 5493 ergo,
2578 5433 2633 5478 et
2658 5424 2844 5478 discite
2878 5442 2890 5477 :
2926 5422 3048 5478 ideo
3076 5423 3175 5478 ista
3203 5421 3497 5477 admonitio
3526 5435 3555 5474 a

1992 5518 2104 5574 Deo
2129 5518 2372 5583 dabatur,
2404 5524 2460 5569 ut
2481 5515 2545 5570 ad
2573 5529 2630 5569 se
2656 5521 2996 5570 converteret

391 5707 406 5737 ί
439 5706 611 5759 Locus
639 5702 772 5757 alicr
800 5717 865 5757 ex
893 5700 1013 5756 lsai.
1045 5715 1163 5766 cap.
1186 5716 1309 5756 xuv
1339 5707 1391 5755 et
1420 5714 1523 5755 ην
1548 5717 1559 5751 :
1590 5695 1699 5764 Ego
1738 5695 2000 5761 Dominus,
2033 5705 2082 5749 et
2111 5709 2211 5749 non
2236 5702 2311 5748 est
2340 5692 2558 5760 amplius
2584 5708 2600 5746 :
2624 5701 2771 5747 extra
2796 5710 2876 5748 me
2898 5710 2995 5749 non
3020 5702 3093 5747 cst
3117 5690 3272 5744 Deus.
