4138 6196
602 336 723 394 805

1822 333 1883 391 S.
1920 330 2171 391 MAXIM!
2208 328 2657 392 TAURINENSIS

3753 343 3863 399 δίη

606 492 626 510 .
717 491 734 508 .
823 489 840 506 .
930 489 945 506 .
1030 487 1049 506 .
1124 486 1145 507 .
1218 485 1236 503 .
1312 485 1329 503 .
1407 485 1425 503 .
1505 485 1523 500 .
1599 485 1615 501 .
1692 486 1709 502 .
1790 486 1805 502 .
1884 484 1901 503 .
1976 484 1994 503 .
2071 485 2087 504 .
2167 448 2484 508 .Atamus.
2539 448 2765 503 Dicebat
2815 449 3005 504 beatus
3056 449 3270 522 Moyses
3325 450 3381 506 in
3424 450 3863 511 lihroGeneseos

605 739 749 782 care.
778 723 906 779 Inde
931 722 1033 778 sibi
1054 724 1205 778 lucos
1233 722 1344 795 (IV
1376 721 1508 794 Reg.
1533 719 1671 793 ut),
1702 721 1826 776 inde
1846 721 1948 776 sibi
1995 719 2181 774 illicita

606 815 865 881 sacriﬁcia
895 828 1304 884 praesumpsere,
1335 813 1457 869 inde
1484 813 1614 868 deos
1642 812 1862 880 multos,
1901 810 2025 865 inde
2050 809 2184 864 falsa

607 907 858 975 tigmenta
880 913 935 959 et
962 904 1141 959 inania
1170 903 1331 958 idola.
1362 902 1568 958 idcirco
1595 902 1783 957 volens
1810 915 1925 966 eos,
1957 907 2016 953 ut
2041 898 2184 953 dixi-

607 1009 747 1062 mus,
772 993 1029 1049 Dominus
1048 1007 1081 1046 a
1109 992 1272 1046 tantis
1299 991 1573 1048 erroribus
1594 991 1663 1046 ad
1688 991 1889 1046 cultum
1929 1003 2038 1044 sure
2065 1002 2183 1041 ma-

608 1084 815 1153 iestatis
860 1089 1194 1149 convertere,
1225 1095 1381 1135 sacro
1425 1079 1734 1150 frequenter
1768 1079 2048 1133 intonabat
2067 1076 2183 1130 elo-

602 1176 752 1244 quio,
804 1174 1025 1229 dicens:
1057 1170 1182 1226 Non
1211 1180 1359 1225 erunt
1405 1170 1497 1225 tibi
1550 1170 1624 1225 dii
1668 1169 1759 1223 alii
1804 1168 1993 1238 absque
2013 1182 2111 1231 me,
2133 1171 2183 1217 et

607 1265 886 1320 Dominum
912 1263 1079 1317 Deum
1094 1273 1235 1315 tuum
1259 1261 1523 1326 adorabis,
1550 1270 1599 1314 et
1627 1260 1708 1314 illi
1725 1259 1824 1313 soli
1851 1257 2064 1319 servies;
2088 1262 2143 1309 et
2165 1271 2179 1306 :

604 1354 759 1420 Audi,
804 1353 992 1419 Israel,
1038 1352 1293 1407 Dominus
1346 1350 1488 1405 Deus
1517 1359 1655 1417 tuus,
1684 1348 1937 1403 Dominus
1957 1362 2087 1399 unus
2108 1352 2185 1399 est

609 1447 783 1519 (Deut.
826 1444 924 1511 γι).
955 1443 1109 1509 Nam,
1152 1451 1212 1497 ut
1260 1450 1411 1497 certo
1439 1441 1621 1497 sciatis
1640 1454 1760 1509 qua:
1786 1440 1857 1495 sit
1874 1438 2007 1493 lides
2023 1435 2183 1491 Chri-

2288 534 2441 606 (ϐαρ.
2471 538 2512 605 ι)
2530 537 2857 593 illuminatus
2878 538 3080 608 Spiritu
3108 547 3297 595 sancto
3328 558 3342 595 :
3376 540 3443 594 In
3462 542 3717 611 principio
3743 548 3859 616 fecit

2284 625 2427 680 Deus
2478 626 2659 680 caelum
2710 638 2759 680 et
2796 638 3005 682 terram.
3042 630 3276 686 Attende
3296 632 3479 685 statim
3508 632 3662 701 illud,
3682 636 3801 702 quia
3828 650 3859 688 a

2284 715 2550 786 principio
2599 717 2780 787 coepit,
2812 727 2867 772 et
2891 719 3211 789 principium
3250 721 3565 789 nominavit,
3590 725 3735 791 quod
3762 742 3860 780 nos

2285 807 2631 878 intelligimus
2644 809 2915 865 Christum
2927 812 3243 880 principium
3268 812 3490 882 dictum,
3514 815 3568 868 in
3589 830 3698 885 quo
3720 816 3859 872 Deus

2285 895 2444 953 Pater
2471 899 2599 954 fecit
2624 900 2817 955 coelum
2845 909 2899 956 et
2925 908 3153 968 terram;
3183 903 3423 959 coelestia
3451 906 3658 974 pariter
3684 915 3741 962 et
3760 917 3859 964 ter-

2281 1004 2412 1044 rena
2440 991 2495 1045 in
2520 990 2735 1048 Christo
2754 991 2899 1058 fecit,
2929 993 2983 1048 id
3009 1002 3091 1049 est
3118 994 3173 1048 in
3202 994 3366 1064 ipsius
3389 997 3612 1063 virtute,
3644 1000 3739 1069 qui
3763 1000 3855 1068 ju-

2282 1078 2460 1134 bentis
2501 1081 2727 1150 imperio
2774 1081 3130 1148 ministrabat,
3190 1083 3247 1137 in
3275 1084 3389 1152 ipso
3431 1086 3580 1154 fecit,
3601 1088 3859 1157 quidquid

2279 1169 2488 1238 jussum
2532 1178 2617 1225 est
2643 1171 2981 1241 adimplevit;
3010 1173 3135 1241 quia
3162 1173 3230 1227 de
3256 1172 3416 1230 Patre
3448 1177 3708 1246 scriptum
3734 1188 3854 1233 est:

2285 1258 2407 1330 Ipse
2434 1261 2588 1328 dixit,
2612 1270 2668 1314 et
2691 1264 2997 1332 factasunt;
3020 1262 3129 1333 ipse
3155 1264 3433 1330 mandavit,
3460 1275 3509 1318 et
3528 1277 3702 1321 creata
3739 1279 3856 1324 sunt

2283 1351 2455 1406 omnia
2478 1350 2649 1422 (Psal.
2676 1351 2875 1422 xxxu);
2904 1366 3034 1422 ergo
3055 1353 3109 1407 in
3130 1353 3411 1424 principio,
3438 1354 3491 1408 id
3514 1362 3599 1410 est
3654 1397 3670 1410 .

3030 1444 3159 1501 fecit
3194 1443 3337 1502 Deus
3364 1447 3558 1502 omium
3577 1456 3634 1503 et
3660 1457 3855 1506 terram

604 1538 796 1601 stiana,
821 1550 922 1590 nos
942 1536 1114 1604 ipsum
1142 1549 1307 1588 unum
1332 1532 1617 1588 Dominum
1637 1530 1978 1595 invisibilem,
2000 1529 2182 1583 incor-
2286 1566 2301 1583 .
2391 1570 2405 1584 .
2497 1570 2513 1585 .
2599 1570 2615 1586 .
2698 1572 2715 1587 .

607 1624 921 1695 porabilem,
951 1622 1332 1690 immortalem,
1356 1622 1474 1677 sine
1498 1621 1707 1691 origine
1732 1628 1789 1676 et
1815 1620 1931 1676 sine
1950 1617 2056 1674 line
2075 1632 2186 1674 cre—
2288 1661 2301 1676 .
2394 1663 2408 1677 .

608 1714 805 1785 dimus,
829 1715 1057 1772 colimus
1100 1720 1157 1769 et
1206 1729 1532 1769 veneramur

2284 1712 2487 1769 creavit
2538 1728 2624 1767 me
2668 1715 2923 1785 principio
2965 1717 3164 1770 viarum
3215 1733 3427 1771 suarum
3472 1718 3526 1771 in
3555 1736 3711 1789 opera
3741 1738 3853 1774 sua.

608 1845 627 1861 .
705 1846 729 1864 .
812 1844 830 1861 .
916 1844 933 1862 .
1020 1843 1036 1859 .
1125 1842 1142 1858 .
1218 1842 1235 1857 .
1311 1843 1329 1857 .
1410 1842 1425 1858 .
1503 1842 1519 1857 .
1596 1843 1612 1859 .
1689 1842 1705 1858 .
1785 1842 1802 1858 .
1880 1839 1895 1855 .
1974 1840 1989 1855 .
2070 1840 2085 1856 .
2164 1802 2416 1863 .BAnte
2441 1803 2629 1857 uacula
2658 1805 2893 1874 fundavit
2918 1822 3019 1870 me,
3048 1813 3105 1859 et
3133 1805 3324 1860 iterum
3365 1823 3434 1861 ex
3479 1823 3713 1876 persona

2164 1930 2180 1946 .
2284 1893 2498 1961 pientiac
2526 1894 2637 1962 ipse
2659 1893 2903 1948 Christus
2930 1895 2998 1949 de
3018 1910 3077 1950 se
3095 1895 3225 1951 dicit
3244 1912 3341 1966 per
3360 1899 3674 1967 prophetam
3701 1919 3714 1952 :
3742 1899 3856 1971 Ego

610 2022 625 2038 0
711 2022 728 2038 0
821 2021 838 2038 0
927 2020 945 2036 0
1037 2021 1056 2037 0
1131 2020 1148 2037 0
1223 2020 1239 2036 0
1318 2020 1333 2037 0
1410 2021 1428 2037 0
1504 2022 1519 2038 0
1597 2021 1615 2039 0
1695 2022 1711 2038 0
1784 2023 1803 2039 ο
1878 2022 1895 2037 0
1977 2020 1995 2037 0
2072 2020 2089 2038 0
2164 2022 2179 2036 0

608 2163 920 2219 καθεωὶηὶ
995 2201 1013 2217 .
1087 2201 1103 2217 .
1183 2201 1198 2214 .
1276 2200 1292 2214 .
1375 2200 1392 2217 .
1465 2162 1704 2218 studium
1730 2165 1961 2232 gerimus
1987 2162 2183 2235 prmdi-

607 2253 794 2309 eandm
814 2253 1085 2318 veritatis;
1116 2252 1341 2321 ideoque
1368 2262 1491 2322 post
1514 2268 1633 2322 quae
1652 2253 1886 2310 diximus
1905 2255 2083 2310 adhuc
2102 2254 2185 2309 di-

608 2343 731 2398 vina
774 2344 1032 2399 sumimus
1080 2343 1415 2410 testimonia;
1471 2350 1531 2398 ut
1581 2344 1869 2414 probemus
1914 2345 2184 2400 Christum

606 2431 776 2487 Deum
796 2444 851 2487 et
870 2433 966 2487 Dei
994 2431 1187 2487 Filium
1210 2447 1352 2500 esse,
1383 2434 1523 2488 sicut
1544 2433 1656 2502 jam
1695 2436 1749 2489 in
1778 2436 2061 2504 aliquantis
2089 2450 2186 2489 ex-

608 2522 905 2592 posuimus.
949 2522 1087 2575 Dicit
1122 2522 1264 2577 Deus
1303 2523 1645 2592 omnipotens
1664 2522 1825 2579 Pater
1850 2524 1921 2578 ad
1947 2524 2186 2595 Moysem

608 2613 664 2668 in
692 2612 1110 2668 Dememnomio
1141 2611 1290 2683 (Cap.
1324 2612 1473 2684 xvm)
1503 2613 1571 2667 de
1598 2612 1814 2669 Christo
1858 2613 1996 2668 Filio
2040 2630 2138 2669 suo
2167 2632 2181 2667 :

606 2701 922 2772 Prophetam
947 2701 1204 2755 suscitabo
1232 2701 1338 2755 illis
1366 2701 1429 2754 de
1450 2702 1695 2772 fratribus
1723 2720 1897 2758 eorum
1923 2705 2055 2757 sicut
2104 2713 2186 2771 te;

606 2803 657 2848 et
676 2792 808 2847 dabo
835 2792 1045 2847 verbum
1072 2794 1185 2863 ejus
1204 2794 1260 2847 in
1281 2810 1336 2847 os
1356 2793 1488 2863 ejus,
1519 2804 1569 2849 et
1589 2795 1820 2867 loquetur
1847 2797 1917 2849 ad
1936 2812 2020 2850 eos
2047 2813 2187 2867 qua:-

606 2900 805 2954 cunque
822 2884 1001 2938 dixero
1029 2884 1128 2938 illi.
1164 2883 1235 2937 Et
1262 2887 1307 2937 si
1335 2886 1446 2955 quis
1475 2902 1579 2939 non
1618 2886 1838 2939 audierit
1883 2886 2186 2955 prophetam

2282 1996 2345 2034 ea:
2374 1998 2462 2035 ore
2484 1982 2736 2035 Altissimi
2762 1984 2962 2052 prodivi
2981 1985 3319 2055 primogenita
3349 1996 3468 2041 ante
3494 2005 3696 2041 omnem
3720 2006 3857 2051 crea~

2283 2078 2452 2125 turam
2476 2070 2662 2142 (Eccli.
2695 2073 2865 2143 xxxv).
2896 2072 3037 2141 Ergo
3076 2075 3131 2135 in
3179 2076 3280 2139 ἱδιο
3307 2076 3442 2139 Filio
3470 2086 3525 2139 et
3548 2094 3647 2148 per
3674 2080 3855 2147 istum,

2282 2158 2422 2213 sicut
2444 2160 2636 2229 saepius
2661 2159 2860 2215 dictum
2892 2171 2993 2225 est,
3022 2161 3161 2217 Deus
3190 2161 3350 2217 Pater
3376 2166 3717 2235 omnipotens
3738 2183 3856 2222 om-

2283 2248 2373 2301 nia
2418 2248 2566 2315 fecit,
2595 2251 2731 2305 sicut
2774 2250 2969 2305 iterum
3007 2252 3061 2306 in
3089 2252 3294 2321 psalmo
3321 2254 3531 2309 dicebat
3562 2274 3575 2309 :
3606 2256 3674 2310 In
3694 2261 3857 2328 capite

2284 2340 2406 2394 libri
2452 2343 2698 2411 scriptum
2749 2353 2825 2396 est
2880 2344 2944 2397 de
2989 2361 3070 2399 me
3099 2344 3269 2416 (Psal.
3303 2348 3509 2417 usus).
3551 2348 3679 2417 Sed,
3730 2352 3857 2406 dicit

2282 2429 2511 2498 Judams,
2561 2433 2676 2503 ipse
2722 2434 2814 2502 qui
2852 2434 3007 2502 dixit,
3038 2435 3152 2505 ipse
3198 2445 3252 2490 et
3280 2436 3423 2491 fecit.
3455 2438 3552 2494 Cui
3578 2441 3808 2496 dicimus
3838 2460 3850 2494 :

2284 2519 2351 2575 Et
2375 2521 2503 2589 quid
2522 2536 2741 2577 necesse
2768 2529 2886 2576 erat
2908 2531 2967 2577 ut
2989 2522 3231 2579 diceret?
3258 2526 3303 2580 si
3332 2542 3440 2582 non
3466 2539 3583 2583 erat
3608 2530 3744 2585 alius
3765 2532 3857 2599 qui

2284 2610 2497 2665 audiret
2534 2618 2589 2666 ct
2634 2610 2851 2678 faceret,
2909 2615 3151 2681 nunquid
3202 2613 3303 2669 sibi
3333 2615 3567 2683 dicebat,
3602 2618 3855 2676 ﬁat?Sed

2284 2702 2480 2758 iterum
2507 2704 2634 2760 dicit
2659 2703 2871 2759 Judaeus
2895 2722 2908 2758 :
2956 2706 3023 2760 ad
3051 2707 3269 2776 angelos
3293 2708 3455 2776 dixit;
3485 2710 3680 2779 quibus
3722 2712 3855 2766 dici-

2284 2809 2405 2847 mus
2431 2811 2443 2847 :
2474 2792 2581 2850 Sed
2629 2811 2737 2850 non

2284 2883 2530 2939 fecerunt
2555 2886 2753 2955 angeli,
2783 2889 2877 2942 sed
2899 2888 3081 2955 habet,
3111 2899 3161 2944 et
3200 2892 3320 2961 fecit
3346 2890 3486 2946 Deus
3558 2929 3578 2947 .

606 2972 773 3037 illum,
805 2989 899 3041 ego
927 2972 1216 3024 vindicabo.
1242 2973 1259 3003 ⁸
1290 2972 1358 3024 Et
1384 2973 1577 3026 iterum
1606 2973 1659 3026 in
1702 2973 2008 3041 Regnorum
2053 2972 2187 3041 legi-
2287 3012 2303 3027 .
2381 3012 2395 3029 .
2474 3013 2490 3029 .
2566 3014 2584 3031 .
2659 3014 2674 3030 .
2752 3016 2768 3030 .
2847 3018 2861 3032 .
2940 3018 2956 3033 .
3028 2978 3273 3047 Judaeus;
3315 2988 3373 3036 et
3409 2981 3581 3037 dicit:
3618 2984 3854 3050 Quomo-

607 3078 761 3117 mus:
794 3060 1069 3115 Suscitabo
1096 3061 1221 3114 mihi
1249 3062 1564 3116 sacerdotem
1588 3063 1811 3133 fidelem,
1835 3066 1921 3133 qui
1939 3065 1995 3118 in
2012 3066 2186 3119 omnia
2284 3062 2355 3119 do
2448 3102 2465 3118 .
2552 3102 2568 3118 .
2645 3104 2661 3119 .
2738 3104 2754 3119 .
2829 3104 2848 3123 .
2924 3106 2940 3122 .
3021 3108 3035 3124 .
3111 3109 3126 3123 .
3208 3110 3224 3125 .
3300 3072 3854 3130 liliumhabereDeum

604 3166 720 3222 quae
745 3159 866 3203 sunt
892 3149 946 3203 in
967 3149 1121 3203 corde
1141 3165 1252 3204 meo
1274 3151 1431 3221 faciet
1453 3150 1508 3222 (Ι
1540 3151 1668 3223 Reg.
1700 3154 1793 3223 11);
1824 3161 1880 3208 et
1923 3154 1978 3208 in
2004 3153 2184 3209 Evan—
2210 3162 2254 3222 (ζ
2288 3196 2303 3209 .
2363 3196 2379 3211 .
2454 3196 2470 3210 .
2546 3195 2565 3215 ,
2643 3197 2660 3213 .
2737 3197 2753 3213 .
2824 3198 2847 3215 ν.
2925 3201 2941 3215 .
3014 3160 3226 3218 Judzeus
3251 3165 3551 3235 invisibilis,
3572 3176 3627 3221 et
3651 3168 3707 3222 in
3736 3183 3855 3224 cor-

606 3237 1351 3308 gelioipsePaterdicitzllic
1369 3239 1627 3297 estFilius
1649 3243 2185 3310 meusdilectissimus,
2289 3284 2308 3303 .
2368 3283 2382 3298 .
2461 3286 2476 3300 .
2552 3283 2568 3299 .
2647 3285 2663 3301 .
2741 3287 2757 3302 .
2832 3288 2847 3303 .
2925 3287 2941 3302 .
3014 3251 3414 3318 quibusiterum
3468 3294 3483 3309 .
3560 3294 3577 3308 .
3654 3294 3671 3311 .
3746 3296 3763 3311 .
3838 3298 3852 3311 .

606 3329 661 3384 in
673 3346 772 3400 quo
785 3328 912 3383 bene
932 3329 1219 3399 complacui
1228 3346 1248 3395 ;
1263 3330 1432 3401 ipsum
1445 3332 1620 3387 audite
1642 3332 1855 3403 (Matth.
1873 3334 2002 3405 xvn)
2078 3374 2092 3389 .
2168 3375 2183 3391 .

612 3426 2189 3493 ..............to,ait;et

607 3691 2179 3761 dicitipsumaudite...........

604 3780 671 3837 lis
696 3781 797 3835 sibi
839 3797 1036 3848 sermo,
1072 3790 1128 3837 et
1153 3784 1479 3841 conveniens
1506 3787 1635 3856 ipsis
1662 3788 1755 3853 sit,
1784 3789 1899 3858 ipse
1927 3791 2185 3859 probatur

602 3885 745 3935 esse,
775 3878 830 3925 et
858 3871 1139 3940 propheta,
1190 3874 1283 3939 qui
1322 3884 1405 3928 est
1431 3876 1672 3932 Christus
1713 3878 1973 3935 Dominus
2023 3883 2182 3951 747

603 3957 772 4012 Filius
799 3959 913 4023 Dei,
946 3958 1214 4027 Propheta
1240 3960 1435 4015 dicitur
1462 3965 1662 4029 Patris;
1705 3967 1801 4021 sed
1821 3977 1904 4022 est
1930 3969 2184 4031 Dominus

605 4047 988 4116 prophetarum
1045 4048 1253 4113 Patris;
1296 4053 1490 4108 merito
1518 4053 1810 4124 Propheta,
1852 4067 1912 4113 ut
1953 4063 2186 4116 auctoris

605 4136 686 4191 sui
710 4136 1047 4205 praedicator,
1071 4140 1276 4194 caeteris
1296 4151 1475 4196 autem
1500 4146 1731 4213 gratiam
1752 4149 2048 4217 prophetia:
2070 4151 2184 4220 ipse

606 4225 970 4282 COllll'iblletlS.
1002 4229 1135 4282 Nam
1163 4229 1303 4285 sicut
1330 4230 1600 4302 Propheta
1629 4244 1685 4291 et
1710 4238 1942 4307 Angelus
1964 4252 2184 4298 vocatur

605 4332 635 4371 a
664 4316 841 4383 Patre,
869 4319 943 4372 ita
971 4320 1230 4390 scriptum
1257 4332 1340 4377 est
1364 4342 1376 4377 :
1410 4323 1547 4382 Ecce
1571 4331 1718 4384 mitto
1747 4332 1997 4403 Angelum
2016 4352 2183 4391 meum

600 4417 724 4461 arae
748 4410 938 4479 faciem
982 4419 1146 4479 tuam,
1169 4413 1257 4481 qui
1285 4416 1600 4484 praeparabit
1627 4420 1761 4472 viam
1782 4429 1941 4484 tuam,
1974 4423 2183 4480 observa

2285 3336 2670 3405 respondemus
2713 3337 2851 3392 sicut
2896 3337 3183 3403 Dominus:
3239 3341 3433 3397 Nonne
3475 3344 3665 3400 dictum
3702 3351 3855 3402 estin

2286 3426 2394 3495 lege
2413 3434 2601 3493 vestra,
2625 3429 2744 3498 quia
2765 3444 2783 3481 :
2802 3427 2917 3498 Ego
2946 3430 3059 3484 dixi
3078 3447 3107 3491 εΔ
3126 3430 3215 3486 Dii
3233 3435 3376 3497 estis,
3400 3443 3449 3487 et
3471 3436 3633 3506 748
3652 3438 3749 3506 ﬁlii
3774 3438 3856 3492 AL

2286 3518 2467 3571 tissimi
2492 3520 2765 3573 carissimi.
2797 3521 2860 3575 Si
2878 3522 2997 3576 illos
3035 3523 3164 3577 dixit
3207 3524 3327 3579 deos
3351 3534 3402 3580 et
3429 3528 3568 3597 ﬁlios
3586 3530 3853 3596 Altissimi,

2284 3609 2354 3661 ad
2372 3625 2497 3677 quos
2522 3626 2688 3665 sermo
2713 3611 2812 3665 Dei
2833 3614 2998 3683 factus
3025 3625 3119 3679 est,
3146 3624 3195 3669 et
3221 3633 3324 3671 non
3349 3626 3517 3686 potest
3544 3621 3673 3675 solvi
3719 3620 3854 3675 Scri.

2284 3707 2468 3769 plura;
2499 3702 2520 3732 ’
2548 3700 2705 3770 Mihi,
2727 3703 2802 3757 ait
2840 3704 3113 3772 Dominus,
3142 3708 3445 3771 irascimini,
3476 3712 3599 3781 quia
3626 3712 3736 3765 dixi
3764 3711 3854 3764 Fi—

2285 3791 2383 3844 lius
2430 3790 2531 3846 Dei
2558 3795 2708 3847 sum?
2727 3793 2791 3849 Si
2837 3812 2940 3849 non
2966 3799 3103 3868 facio
3131 3816 3287 3869 opera
3338 3799 3515 3854 Patris
3542 3805 3659 3865 mei,
3702 3806 3855 3858 nolite

2284 3880 2489 3933 credere
2514 3882 2674 3947 mihi;
2699 3884 2742 3936 si
2763 3893 2931 3937 autem
2954 3888 3108 3955 facio,
3132 3890 3226 3942 etsi
3247 3889 3372 3942 mihi
3420 3907 3522 3944 non
3561 3893 3711 3946 vultis
3748 3909 3858 3947 σευ

2284 3970 2422 4034 dere,
2464 3973 2700 4039 operibus
2752 3976 2941 4028 credite
2997 3975 3177 4045 (Joan.
3211 3978 3287 4045 χ).
3344 3979 3549 4035 Deinde
3583 3982 3856 4039 dicimus:

2285 4059 2423 4126 Quid
2451 4062 2661 4117 videtur
2678 4063 2877 4119 dictum
2899 4064 3096 4122 Iudaeis
3140 4069 3290 4136 illud,
3318 4072 3461 4139 quod
3491 4073 3567 4126 ait
3592 4073 3764 4130 David
3791 4092 3861 4133 ex

2282 4165 2512 4219 persona
2560 4153 2675 4209 sine
2716 4153 2876 4209 dubio
2922 4156 3157 4212 Christi:
3189 4158 3443 4216 Dominus
3474 4163 3607 4216 dixit
3632 4164 3703 4217 ad
3730 4182 3813 4218 me
3840 4181 3859 4218 :

2283 4239 2333 4293 F
2335 4244 2455 4296 ilius
2492 4259 2630 4298 meus
2677 4262 2731 4299 es
2774 4256 2860 4312 tu;
2888 4265 2981 4318 ego
3010 4250 3161 4303 hodie
3185 4253 3337 4320 genui
3357 4255 3446 4306 te?
3485 4253 3551 4307 Et
3570 4255 3761 4309 iterum
3793 4272 3860 4312 ex

2283 4348 2514 4403 persona
2538 4335 2711 4391 Patris
2735 4336 2865 4391 dicit
2908 4339 3021 4408 ipse
3068 4341 3326 4409 propheta
3354 4345 3718 4400 sanctissimus
3756 4345 3859 4401 Da-

2281 4424 2373 4478 vid
2397 4425 2464 4479 ad
2492 4425 2679 4480 Filium
2707 4445 2720 4480 :
2755 4426 2935 4482 Tecum
2956 4431 3262 4499 principium
3282 4434 3336 4485 in
3361 4433 3445 4487 die
3466 4436 3665 4489 virtutis
3686 4447 3790 4491 tuae
3804 4440 3859 4490 in

599 4513 738 4563 eum,
759 4505 807 4550 et
827 4497 1016 4552 obaudi
1035 4499 1105 4565 ei,
1135 4509 1267 4554 etne
1296 4504 1456 4571 fueris
1486 4506 1781 4562 inobediens
1799 4512 1847 4563 ei
1870 4527 1888 4563 :
1914 4528 2017 4565 non
2045 4516 2181 4569 enim
2206 4510 2258 4569 D
2281 4512 2637 4583 splendoribus
2664 4497 2981 4585 sanctorum,
3009 4534 3074 4572 ea:
3099 4497 3242 4574 utero
3269 4530 3390 4575 ante
3407 4522 3678 4594 luciferum
3706 4528 3859 4596 genui

602 4585 761 4639 deerit
785 4584 903 4650 tibi;
926 4602 1109 4640 nomen
1138 4590 1276 4643 enim
1300 4605 1467 4645 meum
1492 4596 1641 4648 estin
1668 4596 1758 4650 illo
1784 4597 1977 4668 (Exod.
2001 4602 2174 4670 xxm);

603 4676 745 4731 unde
773 4683 826 4730 et
865 4676 979 4746 ipse
1032 4676 1288 4733 Dominus
1326 4678 1572 4738 Christus
1619 4685 1832 4741 dicebat
1884 4688 1939 4743 in
1989 4701 2177 4750 sancto

601 4764 928 4837 Evangelio:
974 4766 1087 4839 Ego
1134 4771 1249 4824 veni
1296 4773 1350 4825 in
1378 4776 1585 4829 nomine
1610 4776 1788 4834 Patris
1812 4784 1932 4850 mei,
1985 4793 2036 4837 et
2074 4801 2176 4840 non

598 4859 893 4927 suscepistis
931 4874 1013 4912 me
1024 4875 1043 4923 ;
1085 4875 1200 4913 cunt
1239 4862 1373 4915 alius
1397 4867 1885 4925 verwritinnomine
1901 4874 2176 4938 suo,illum

600 4946 861 5014 accipietis
891 4946 1070 5018 (Joan.
1099 4950 1187 5019 v);
1209 4957 1265 5004 et
1284 4950 1457 5006 David
1491 4953 1737 5012 dicebat:
1770 4959 2069 5017 Benedictus
2088 4965 2174 5035 qui

598 5037 735 5089 venit
753 5039 808 5091 in
828 5042 1033 5095 nomine
1053 5040 1264 5097 Domini
1293 5043 1464 5115 (PsaL
1496 5049 1677 5119 cxvu).
1703 5050 1810 5105 Sed
1835 5053 2032 5109 dicitur
2070 5095 2085 5110 .
2153 5095 2167 5110 .

599 5221 658 5272 et
682 5226 995 5276 ceterorum
1023 5227 1404 5296 prophetarum
1430 5229 1656 5299 litteras,
1695 5242 1752 5289 et
1779 5235 1902 5292 inde
1930 5241 2169 5297 veritatis

598 5308 837 5378 regulam
864 5316 1249 5388 perquiramus,
1277 5330 1335 5377 et
1359 5336 1478 5392 quae
1498 5324 1610 5394 jam
1638 5329 1957 5397 protulimus
2009 5349 2167 5404 repe-

675 5462 939 5544 ‘AVulgata
966 5467 1095 5537 legit
1125 5489 1139 5524 :
1175 5472 1489 5544 Prop/ictam
1510 5481 1765 5537 suscitabo
1794 5486 1866 5538 eis
1894 5486 1960 5538 de
2001 5489 2168 5543 medio

598 5531 1054 5619 fratrum—suorum
1081 5531 1296 5619 similem
1329 5550 1440 5602 tui:
1478 5561 1525 5603 et
1547 5568 1736 5619 ponam
1778 5553 1928 5607 verba
1964 5574 2077 5610 mea

703 5603 833 5702 eius,
850 5607 1261 5702 loqztetqrquead
1288 5631 1372 5668 eos
1393 5603 1565 5702 omnid
1585 5603 2004 5702 quieprtecepero
2025 5603 2165 5683 illis:

592 5680 685 5740 qui
732 5683 901 5730 autem
941 5680 1089 5733 verba
1133 5683 1263 5747 ejus,
1310 5698 1426 5751 qua
1454 5680 1684 5760 loquetur
1709 5680 1766 5746 in
1795 5680 2003 5751 nomine
2032 5680 2161 5761 meo,

2283 4612 2332 4657 te
2354 4602 2527 4673 (Psal.
2559 4604 2690 4672 cxx).
2727 4604 2898 4672 Quem
2926 4609 3108 4676 genuit

2282 4694 2431 4761 dicit,
2462 4710 2589 4763 ergo
2617 4697 2853 4759 creditis,
2886 4698 3011 4766 quia
3087 4739 3102 4752 .
3182 4739 3198 4753 .
3276 4741 3290 4755 .
3366 4740 3383 4755 .
3460 4741 3477 4755 .
3556 4742 3573 4758 .
3650 4744 3665 4757 .
3744 4745 3759 4758 .
3841 4747 3855 4759 .

2281 4786 2689 4855 respondemus,
2730 4787 2809 4842 sic
2838 4785 3107 4858 Propheta
3180 4830 3196 4844 .
3273 4830 3290 4845 .
3368 4832 3382 4845 .
3461 4833 3477 4847 .
3555 4834 3572 4847 .
3649 4834 3668 4851 .
3743 4836 3759 4849 .
3839 4838 3853 4850 .

2281 4883 2335 4930 et
2372 4875 2570 4931 nosita
2611 4876 2878 4935 credimus
2926 4880 3112 4948 genuit
3183 4920 3198 4935 .
3276 4922 3291 4937 .
3368 4921 3382 4935 .
3463 4922 3478 4937 .
3555 4924 3571 4937 .
3650 4925 3665 4939 .
3741 4926 3757 4939 .
3840 4929 3853 4940 .

2280 4968 2462 5023 sedut

2281 5080 3855 5123 ...............sancuc

2277 5152 2471 5208 divina:
2490 5168 2614 5223 gen.
2692 5195 2707 5209 .
2785 5195 2801 5209 .
2879 5194 2894 5209 .
2973 5194 2989 5209 .
3065 5193 3080 5209 .
3161 5194 3174 5208 .
3254 5195 3269 5209 .
3353 5196 3364 5209 .
3442 5164 3501 5211 ut
3526 5156 3639 5213 Deo
3686 5174 3851 5226 gene-

2274 5260 2415 5311 rare,
2439 5246 2622 5314 genuit
2638 5245 2897 5303 Dominus
2924 5246 3226 5315 Dominum,
3257 5249 3350 5303 lux
3374 5250 3565 5313 lucem,
3599 5251 3855 5319 splendor

2273 5337 2631 5408 splendorem,
2651 5345 2842 5408 potens
2861 5347 3154 5408 potentem,
3172 5353 3269 5395 rex
3288 5354 3487 5408 regem,
3515 5356 3651 5396 unus
3667 5357 3852 5411 unum,

2275 5489 2454 5544 audire
2474 5490 2713 5557 noluerit,
2736 5508 2830 5560 ego
2858 5494 2994 5546 ultor
3013 5497 3251 5550 cristam.

2343 5562 2363 5591 ³
2393 5560 2467 5613 lta
2496 5562 2836 5629 prosequitur
2859 5570 3034 5617 textus
3061 5563 3115 5619 S.
3138 5564 3295 5620 Joan.
3324 5584 3335 5619 :
3369 5565 3529 5630 Quem
3551 5568 3712 5623 Pater
3732 5585 3849 5621 ωηο

2271 5631 2532 5711 cti/icavit,
2560 5633 3141 5711 etmi‘sitjnnmundgm,
3174 5651 3258 5688 vos
3286 5638 3502 5711 Adicitis,
3544 5640 3665 5711 quia
3709 5637 3846 5692 blas-

2269 5700 2501 5767 phemas.
2527 5703 2654 5767 quia
2681 5701 2810 5763 dixi,
2835 5700 3003 5757 Filius
3026 5702 3124 5760 Dei
3151 5706 3305 5759 sum?
