4138 6196
284 297 388 354 ωδ

1310 288 1720 347 TRACTATUS
1755 288 1821 345 ν.
1859 286 2136 351 CONTRA
2170 288 2473 347 JUD/EOS.

3432 285 3536 341 806

290 408 433 465 solus
457 404 654 473 solum,
673 410 905 459 internus
926 408 1201 465 aeternum,
1225 400 1395 455 virtus
1412 400 1690 469 virtutem,
1712 412 1857 453 crea-
1878 397 1934 457 Δ
1958 398 2083 466 quia
2110 400 2242 469 ptuit
2260 399 2514 455 Dominus
2540 417 2571 454 a
2602 400 2822 456 Domino
2849 401 3022 471 ignem
3049 409 3099 453 et
3140 400 3356 471 sulphur
3383 416 3539 470 super

289 507 373 555 tor
392 504 716 554 creatorem.
749 493 874 548 Haec
898 493 1009 561 jam
1037 491 1290 559 diximus,
1317 498 1371 545 et
1395 490 1643 555 dicimus,
1674 497 1733 543 ut
1758 504 1855 542 va-

290 591 478 644 lemus.
504 584 770 639 Caeterum
798 582 924 637 illud
953 580 1326 651 inexplicabile
1355 588 1437 634 est
1468 588 1524 634 et
1566 578 1856 641 indicibile,

289 680 432 751 quod
455 686 538 733 est
566 675 727 730 Pater
765 684 817 729 et
844 673 1032 739 Filius,
1079 672 1243 726 Filius
1272 670 1464 735 Patris,
1494 668 1731 724 Verbum
1760 668 1862 720 Pa-

288 770 405 833 tris,
435 768 605 821 virtus
634 774 689 819 et
717 762 980 833 sapientia
1008 761 1204 828 Patris,
1232 761 1285 814 in
1331 775 1438 828 quo
1464 766 1517 813 et
1563 774 1659 828 per
1703 772 1861 826 quem

289 859 415 914 fecit
441 855 603 910 Pater
628 854 827 909 omnia.
856 852 971 907 Hoc
996 851 1231 905 Verbum
1260 850 1494 917 intellige
1522 848 1714 902 Filium
1744 847 1859 913 Dei,

289 963 447 1017 quem
490 945 636 1000 misit
664 959 762 1015 pro
791 943 963 997 salute
990 941 1190 1003 mundi,
1229 940 1365 994 sicut
1392 939 1655 1008 propheta
1683 937 1816 992 dixit
1845 954 1859 991 :

290 1038 437 1093 Misit
488 1035 711 1090 Verbum
738 1050 907 1100 suum,
937 1040 986 1086 et
1010 1032 1212 1085 sanavit
1253 1046 1339 1084 eos
1369 1027 1540 1098 (Psal.
1562 1028 1691 1096 ενι).
1724 1025 1864 1094 Ergo

290 1130 457 1185 Filius
486 1127 579 1181 Dei
608 1125 824 1192 dicitur,
855 1123 947 1194 qui
995 1129 1079 1177 est
1107 1122 1337 1176 Verbum
1362 1120 1556 1186 Patris,
1590 1135 1696 1173 non
1722 1127 1781 1172 ut
1808 1127 1866 1171 tu

291 1233 490 1275 carneo
519 1223 576 1271 et
619 1213 870 1284 culpabili
915 1227 1073 1267 sensu
1118 1211 1368 1279 intelligis
1387 1210 1554 1265 Deum
1581 1210 1869 1264 carnaliter

292 1324 392 1363 nos
411 1307 585 1361 dicere
608 1303 874 1373 genuisse.
905 1301 1037 1355 Nam
1064 1302 1187 1356 audi
1212 1301 1404 1356 Isaiam
1428 1300 1579 1369 (Cap.
1608 1299 1719 1370 Lm)
1742 1316 1868 1354 san-

291 1408 436 1453 ctum
456 1395 775 1466 prophetam
803 1393 870 1447 de
897 1390 1109 1445 Christo
1138 1390 1404 1445 dicentem
1430 1408 1443 1443 :
1477 1389 1868 1443 Generationem

292 1497 463 1541 autem
501 1486 613 1556 ejus
639 1484 751 1554 quis
774 1482 1075 1537 enarrabit?
1100 1481 1343 1550 Nunquid
1369 1480 1477 1535 dici
1503 1481 1587 1535 vel
1616 1481 1869 1550 explicari

292 1583 490 1648 potest,
538 1574 811 1644 quomodo
855 1572 1017 1626 Pater
1044 1572 1236 1626 Filium
1264 1572 1527 1640 genuerit,
1568 1570 1711 1625 Deus
1738 1570 1872 1625 Ver-

293 1669 424 1723 bum
452 1664 789 1736 protulerit?
955 1700 970 1715 .
1050 1700 1065 1715 .
1139 1701 1155 1716 .
1234 1701 1249 1715 .
1329 1701 1343 1715 .
1423 1662 1549 1716 volo
1573 1661 1872 1729 intelligere

1956 491 2088 544 duas
2109 492 2336 544 ciuitates
2377 490 2660 545 Sodomam
2690 501 2739 544 et
2769 490 3110 544 Gomorrham
3142 490 3350 561 (Cenes.
3400 489 3537 564 xxx).

1960 582 2126 637 Audis
2152 583 2276 651 quia
2306 582 2559 637 Dominus
2580 598 2609 636 a
2638 582 2864 636 Domino
2893 582 3061 650 pluit?
3099 581 3199 647 Qui
3247 580 3539 636 Dominus?

1960 671 2008 725 A
2032 687 2140 740 quo
2170 672 2418 739 Domino,
2442 672 2545 726 nisi
2575 671 2740 725 Filius
2761 686 2790 725 a
2822 670 3017 725 Patre?
3061 671 3194 724 Nam
3224 670 3338 739 ipse
3368 685 3537 739 appa—

1962 764 2138 818 ruitet
2152 762 2336 828 Jacob,
2361 771 2416 817 et
2455 763 2772 818 colluctatus
2800 770 2882 816 est
2902 777 3022 816 cum
3048 776 3145 825 eo;
3175 760 3312 814 unde
3333 760 3409 814 ait
3428 761 3543 829 ipso

1962 850 2128 906 Jacob
2154 870 2168 905 :
2208 851 2327 905 Vidi
2357 851 2635 905 Dominum
2656 853 2789 921 facie
2809 852 2879 904 ad
2904 853 3114 921 faciem,
3155 860 3204 904 et
3229 853 3371 903 salva
3400 852 3543 920 facta

1963 957 2043 1003 est
2072 949 2247 1001 anima
2276 964 2388 1001 mea
2420 946 2626 1016 (Cenes.
2654 946 2857 1015 xxxu);
2890 945 3075 1013 utique
3122 944 3174 997 in
3202 942 3369 1010 ﬁgura
3421 958 3545 998 cor-

1964 1039 2111 1109 poris
2134 1038 2405 1093 Christum
2431 1036 2635 1093 viderat
2663 1051 2820 1106 quam
2874 1045 2991 1090 erat
3040 1042 3225 1105 postea
3266 1041 3545 1102 susceptu-

1966 1146 2078 1195 rus,
2136 1145 2257 1184 cum
2306 1144 2415 1197 quo
2469 1135 2553 1181 est
2600 1127 2940 1181 colluctatus.
2973 1124 3102 1178 Nam
3125 1124 3192 1178 de
3221 1122 3379 1178 Patre
3407 1124 3543 1177 scri-

1968 1230 2117 1291 ptum
2141 1229 2265 1275 est:
2300 1217 2462 1283 Quem
2508 1218 2637 1273 vidit
2689 1217 2951 1271 luminum
2990 1232 3159 1278 nemo,
3189 1230 3348 1283 neque
3378 1213 3547 1267 videre

1968 1319 2133 1381 potest
2164 1309 2343 1380 (Joan.
2372 1308 2447 1380 l);
2474 1316 2528 1362 et
2553 1309 2784 1361 iterum;
2810 1303 2935 1359 Non
2962 1312 3145 1374 potest,
3178 1302 3253 1356 ait
3281 1302 3394 1370 ipse
3409 1301 3548 1355 Deus

1971 1400 2153 1469 Pater,
2183 1404 2203 1433 ²
2235 1401 2385 1454 homo
2435 1400 2619 1469 faciem
2668 1414 2833 1451 nteant
2880 1395 3053 1449 ridere
3092 1403 3142 1447 et
3161 1395 3321 1446 virere
3349 1390 3548 1461 (Exod.

1972 1492 2174 1561 xxxm).
2198 1491 2315 1561 Ipse
2327 1491 2559 1558 Angelus
2574 1489 2804 1552 Domini,
2818 1488 2905 1556 qui
2924 1495 3005 1541 est
3016 1486 3279 1550 Christus,
3302 1484 3550 1553 apparuit

1972 1583 2140 1653 Moysi
2180 1583 2239 1636 iu
2279 1581 2440 1647 rubo,
2470 1580 2523 1633 in
2559 1580 2708 1646 igne;
2755 1579 2978 1647 ipseque
3022 1576 3199 1630 dixit:
3233 1574 3393 1644 750
3434 1571 3548 1643 Ego

1973 1693 2085 1729 sum
2110 1673 2247 1727 Deus
2274 1672 2556 1737 Abraham,
2587 1681 2637 1725 et
2666 1668 2802 1723 Deus
2833 1668 3003 1733 Isaac,
3033 1676 3080 1722 et
3114 1667 3305 1731 Jacob;
3334 1666 3422 1734 qui
3469 1664 3550 1719 di-

294 1754 741 1828 quemadmodum
763 1753 863 1807 ista
891 1751 958 1808 de
986 1751 1200 1808 Christo
1222 1751 1481 1817 credatis;
1514 1750 1580 1805 ad
1606 1766 1766 1820 quem
1788 1748 1873 1804 di-
1900 1754 1951 1817 3
1979 1776 2099 1823 aus
2149 1773 2234 1821 es,
2277 1763 2514 1832 Angelus
2543 1763 2715 1832 primo
2743 1760 2954 1814 Domini
2983 1758 3037 1811 in
3064 1759 3185 1827 igne
3211 1755 3549 1826 apparuisse;

294 1851 467 1904 cimus
500 1866 512 1900 :
546 1846 718 1900 Audi:
769 1845 1024 1914 scriptum
1064 1852 1147 1900 est
1195 1843 1355 1898 Patre
1390 1844 1603 1898 dicente
1635 1860 1648 1894 :
1682 1841 1871 1895 Tecum

295 1938 603 2009 principium
643 1937 697 1989 in
745 1936 828 1989 die
854 1934 1054 1989 virtutis
1090 1942 1193 1988 tua:
1219 1936 1272 1987 in
1294 1932 1647 2003 splendor-ibus
1666 1940 1874 1985 sancto-

297 2045 432 2095 rum,
460 2043 524 2081 ea:
546 2036 689 2080 utero
718 2032 839 2079 ante
859 2025 1126 2095 luciferum
1156 2024 1307 2095 genui
1330 2032 1377 2075 te
1407 2021 1579 2093 (Psal.
1611 2019 1753 2090 cu);
1783 2019 1875 2089 qui

298 2117 429 2172 dicit
449 2125 520 2181 te,
542 2116 704 2169 alium
732 2114 968 2170 ostendit
994 2128 1133 2178 esse,
1162 2113 1266 2167 hoc
1305 2119 1389 2167 est
1435 2110 1726 2166 secundum
1755 2125 1786 2163 a
1814 2124 1875 2165 se

296 2208 490 2262 Filium
534 2221 711 2270 suum,
742 2205 807 2259 ad
835 2220 997 2274 quem
1024 2204 1155 2260 dicit
1200 2212 1251 2256 te
1271 2219 1291 2257 :
1323 2213 1370 2256 te
1391 2203 1483 2271 qui
1508 2202 1660 2269 dicit,
1708 2208 1764 2255 et
1792 2200 1874 2255 sui

300 2298 594 2367 loquentis,
638 2304 692 2350 et
742 2296 808 2349 ad
864 2309 1023 2365 quem
1062 2294 1299 2362 loquitur
1335 2292 1468 2347 duas
1494 2291 1730 2346 declarat
1758 2305 1877 2345 esse

300 2406 578 2461 personas.
609 2388 693 2442 Ea:
715 2398 880 2451 utero,
911 2388 1005 2453 ait,
1028 2397 1147 2441 ante
1167 2387 1436 2456 luciferum
1462 2386 1615 2456 genui
1657 2394 1723 2437 te.
1754 2382 1878 2438 Ute-

300 2500 416 2537 rum
444 2482 534 2537 hic
560 2479 855 2549 majestatis
890 2494 1106 2534 sensum
1162 2478 1420 2545 intelligo,
1467 2475 1879 2530 iuenarrabilem

300 2571 712 2643 plenitudinem,
744 2568 1172 2640 profundumque
1200 2567 1535 2638 mysterium,
1556 2565 1652 2619 Dei
1676 2566 1882 2620 incom-

303 2660 721 2732 prehensibilem
775 2658 1095 2727 sapientiam
1123 2675 1136 2709 :
1168 2665 1289 2709 ante
1328 2656 1596 2728 luciferum
1623 2656 1775 2726 genui
1804 2663 1878 2719 te;

306 2752 413 2817 vel,
445 2758 569 2805 ante
595 2750 718 2805 εαξιὶ
747 2756 1013 2815 ornatum,
1045 2748 1129 2802 vel
1159 2755 1284 2802 ante
1311 2746 1539 2816 Spiritus
1577 2746 1749 2801 sancti
1778 2745 1882 2799 ini-

1971 1857 2088 1925 ipse
2162 1895 2178 1910 .
2255 1893 2271 1909 .
2349 1893 2365 1908 .
2442 1891 2458 1905 .
2510 1846 3549 1918 deiadedicimr(E.rod.ui)etdixisse:

1971 1946 2087 2017 Ego
2115 1963 2229 2000 sum
2247 1943 2387 1999 Deus
2413 1943 2693 2007 Abraham,
2725 1950 2774 1994 et
2796 1939 2971 2005 Isaac,
2997 1947 3046 1992 et
3065 1936 3226 1992 Iacob
3258 1980 3269 1991 .
3349 1975 3364 1989 .
3442 1973 3458 1989 .
3536 1974 3554 1989 .

1973 2038 2084 2095 ﬁlio
2104 2039 2251 2093 Nave
2280 2038 2333 2092 in
2361 2036 2478 2106 ripa
2506 2033 2740 2089 ﬂuminis
2755 2032 2918 2087 stanti
2936 2030 3000 2084 ad
3019 2028 3232 2084 Iericho
3245 2026 3556 2098 apparuisse

1977 2172 1993 2187 .
2072 2170 2087 2185 .
2164 2168 2181 2184 .
2258 2167 2275 2182 .
2353 2167 2369 2182 .
2447 2166 2462 2181 .
2537 2127 2710 2195 ipsum
2730 2123 3014 2179 Dominum
3036 2120 3305 2175 Christum
3320 2118 3554 2186 gladium

1974 2229 2248 2278 tenentem
2273 2219 2328 2273 in
2356 2233 2538 2280 manu,
2567 2216 2653 2270 cui
2680 2230 2800 2269 cum
2822 2212 3024 2268 diceret
3066 2210 3221 2265 Jesus
3252 2227 3265 2262 :
3300 2209 3557 2267 Dominus

1976 2320 2160 2368 noster
2204 2326 2283 2378 es,
2312 2324 2378 2363 an
2408 2304 2876 2362 adversariorum?
2903 2304 2978 2357 ait
3018 2300 3273 2356 Dominus
3300 2299 3368 2355 ad
3392 2314 3514 2355 eum
3538 2315 3555 2353 :

1978 2403 2000 2435 ³
2022 2401 2135 2473 Ego
2160 2417 2271 2455 sum
2300 2400 2535 2467 princeps
2561 2395 2763 2450 militiis
2782 2396 2983 2449 uid-uis
3009 2393 3222 2447 Domini
3250 2392 3431 2461 (Josue
3453 2390 3555 2463 tu);

1980 2494 2081 2547 iste
2110 2500 2192 2545 est
2211 2490 2459 2561 princeps
2486 2486 2844 2557 principatum
2863 2498 3126 2552 qurerens,
3160 2482 3381 2552 ipseque
3406 2496 3505 2535 rex
3526 2492 3559 2535 a

1980 2580 2140 2635 Patre
2184 2578 2524 2642 constitutus,
2581 2576 2698 2645 ipso
2751 2581 2986 2629 testante
3041 2579 3095 2628 et
3128 2573 3341 2627 dicente
3390 2589 3403 2624 :
3447 2570 3559 2643 Ego

1982 2682 2151 2727 autem
2178 2673 2483 2727 constitutus
2504 2685 2617 2722 sua
2646 2684 2737 2722 rea:
2767 2665 2834 2719 ab
2858 2682 2917 2719 eo
2941 2664 3111 2735 (Psal.
3144 2665 3225 2734 ιι).
3248 2663 3380 2717 Nam
3406 2670 3461 2717 et
3505 2663 3559 2719 in

1984 2763 2216 2835 quodam
2268 2761 2475 2830 psalmo
2521 2773 2589 2813 ex
2634 2770 2861 2826 persona
2886 2755 3051 2824 ipsius
3074 2752 3273 2807 Christi
3294 2753 3560 2820 loquentis

307 2847 463 2910 tium,
491 2846 507 2875 ¹
524 2844 648 2912 quia
671 2843 783 2912 ipse
803 2841 1031 2912 Spiritus
1046 2847 1261 2895 sanctus
1286 2838 1473 2894 lucifer
1494 2837 1706 2903 dicitur,
1724 2837 1886 2909 75.9

1989 2854 2202 2909 diccbat
2228 2850 2396 2905 David
2428 2867 2440 2903 :
2475 2848 2699 2903 Immola
2753 2846 2863 2901 Deo
2905 2845 3219 2915 sacriﬁcium
3270 2844 3457 2907 laudis,
3513 2850 3562 2896 et
3622 2860 3633 2875 ε

310 2935 406 3005 qui
433 2935 606 2988 lucem
635 2932 875 2989 veritatis
910 2938 965 2986 et
990 2932 1143 2986 bona:
1170 2930 1294 2985 ﬁdei
1322 2929 1590 2984 mentibus
1638 2928 1886 2983 humanis
1987 2944 2143 2999 ,πάρ
2158 2942 2420 2997 Aluum“,
2446 2949 2566 2993 υοια
2594 2948 2699 3000 ωε,
2722 2944 2771 2990 ει
2796 2937 2977 2989 invoca
2998 2951 3077 2987 me
3098 2935 3151 2987 ξι
3179 2934 3261 2986 die
3286 2947 3561 3001 pressura;

313 3026 575 3091 infundit;
624 3025 821 3095 quique
855 3037 954 3093 per
980 3021 1273 3091 prophetas
1298 3019 1488 3075 interni
1512 3020 1641 3074 solis
1690 3018 1887 3073 Christi

1989 3044 2037 3087 et
2055 3034 2272 3103 eripiam
2293 3040 2360 3096 te,
2380 3040 2430 3084 et
2457 3026 2773 3099 gloriﬁcabis
2797 3042 2878 3079 me
2899 3025 3071 3095 (Psal.
3101 3024 3269 3092 nix).
3300 3022 3565 3078 Mmomet

313 3130 375 3172 ιιι
405 3116 592 3171 lucifer
627 3115 915 3170 adventum
960 3112 1253 3182 saevissime
1295 3110 1576 3165 nuntiavit-
1624 3108 1759 3162 Nam
1786 3109 1887 3163 iste
1914 3109 1960 3173 c
1990 3125 2046 3179 in
2097 3124 2212 3177 istis
2260 3120 2538 3175 versiculis
2565 3117 2835 3173 immolari
2867 3116 3051 3171 deberi
3079 3116 3189 3170 Deo
3217 3112 3382 3176 Patri,
3422 3122 3479 3168 et
3506 3128 3566 3168 se

315 3206 574 3263 Dominus
616 3201 861 3258 Christus
890 3201 1053 3256 Filius
1082 3200 1179 3255 Dei
1205 3199 1387 3255 multis
1430 3198 1650 3264 sanctis,
1681 3205 1736 3251 ct
1760 3204 1889 3251 ante
1985 3212 2245 3276 invocari,
2267 3217 2326 3265 υι
2345 3209 2633 3264 auxiliatur
2648 3206 3127 3276 ευρριίεὼυδευίε,
3152 3214 3313 3274 pro“;
3337 3205 3563 3259 dicere“

317 3298 466 3351 visus
490 3304 591 3361 est,
620 3304 677 3350 et
710 3296 857 3365 prius
885 3294 1195 3365 apparuisse
1238 3292 1564 3360 dignoscitur
1595 3309 1607 3344 :
1640 3290 1886 3359 Abrahae,

1989 3305 2152 3361 redde
2180 3301 2324 3357 Patri
2354 3298 2672 3368 obsequium
2700 3296 2891 3361 laudis,
2923 3301 2979 3349 et
3015 3308 3115 3361 ego
3157 3295 3252 3348 tibi
3296 3294 3562 3362 praestabo

321 3397 377 3443 εί
418 3386 599 3452 λίθεοι),
631 3395 686 3441 ει
712 3387 901 3458 Μογεῖ,
933 3394 988 3441 εἴ
1035 3387 1155 3441 ﬁliis
1177 3386 1341 3441 Israel
1370 3386 1425 3440 ίιι
1465 3385 1713 3440 0010mm
1756 3384 1891 3452 ignis
1990 3396 2245 3453 auxilium
2273 3390 2634 3465 protegentis;
2662 3389 2867 3444 honora
2897 3386 3217 3455 genitorem,
3263 3393 3318 3438 et
3362 3398 3447 3437 me
3486 3383 3569 3437 in-

322 3486 379 3532 et
412 3477 584 3544 nubis,
614 3476 681 3531 de
707 3492 813 3547 quo
842 3476 983 3532 Deus
1006 3475 1169 3532 Pater
1195 3477 1438 3532 dixerat:
1470 3475 1604 3530 Ecce
1623 3492 1715 3545 ego
1747 3476 1887 3529 mitto

1990 3489 2176 3547 venies
2204 3486 2522 3555 adjutorem.
2566 3479 2718 3535 Unde
2752 3479 2871 3547 ipse
2908 3475 3039 3531 etin
3065 3483 3249 3530 sancto
3278 3471 3568 3540 Evangelio

320 3566 568 3635 angelum
605 3582 774 3619 meum
821 3576 942 3620 ante
989 3567 1175 3637 faciem
1220 3576 1380 3631 tuam,
1418 3568 1503 3639 qui
1529 3566 1734 3636 parabit
1761 3567 1887 3620 viam

1993 3581 2205 3638 dicebat
2236 3597 2249 3631 :
2282 3576 2395 3648 Ege
2416 3573 2698 3643 honoriﬁco
2730 3569 2943 3623 Patrem
2968 3582 3155 3623 meum.
3178 3573 3225 3617 et
3246 3580 3331 3617 ros
3360 3562 3569 3616 inhono-

324 3664 475 3709 tuam
526 3663 647 3708 ante
686 3663 731 3708 te
759 3653 953 3725 (Marc.
982 3656 1055 3726 i);
1085 3665 1140 3710 et
1184 3654 1291 3711 lilio
1317 3653 1461 3711 Nave
1488 3656 1601 3726 ipse
1620 3656 1765 3710 visus
1793 3662 1895 3719 est,

326 3744 422 3814 qui
451 3753 507 3799 et
532 3744 740 3799 dicebat
771 3763 784 3797 :
820 3744 934 3813 Ego
963 3762 1075 3798 sum
1095 3747 1329 3816 princeps
1352 3746 1550 3800 militia:
1569 3747 1768 3799 virtutis
1791 3744 1899 3799 Do-

326 3835 462 3888 mini
484 3833 658 3905 (Josue
686 3834 784 3904 ut),
818 3836 1002 3906 utique
1030 3842 1083 3889 et
1114 3835 1277 3890 Filius
1305 3844 1388 3891 est
1421 3836 1619 3903 Patris;
1651 3844 1706 3891 et
1727 3836 1903 3905 Ange-

326 3924 421 3981 lus
449 3925 563 3994 ejus
591 3926 805 3991 dicitur,
830 3926 881 3979 id
909 3934 991 3981 est
1013 3926 1251 3995 nuntius,
1276 3935 1330 3981 et
1351 3926 1629 3996 propheta,
1654 3935 1709 3981 et
1734 3940 1906 3981 sacer-

328 4016 455 4084 dos,
488 4024 541 4073 et
565 4030 715 4088 puer,
748 4026 803 4071 et
830 4017 1138 4084 advocatus,
1163 4028 1217 4072 et
1243 4018 1429 4083 virtus,
1461 4026 1515 4072 et
1543 4019 1821 4088 sapientia,
1846 4027 1908 4073 et

332 4115 550 4162 cetera.
572 4107 707 4161 Nam
730 4108 854 4177 quia
875 4107 1100 4162 Abrahae
1121 4108 1263 4163 visus
1291 4116 1393 4175 est,
1421 4108 1544 4163 audi
1577 4107 1907 4178 Scripturam

335 4195 552 4267 (Cenes.
606 4195 745 4266 xxu)
793 4196 1057 4252 dicentem
1101 4215 1115 4251 :
1166 4197 1379 4252 Vocavit
1434 4198 1646 4268 angelus
1699 4197 1910 4251 Domini

334 4288 602 4341 Abraham
631 4289 692 4341 de
716 4289 857 4355 caelo,
884 4299 934 4343 et
977 4292 1089 4343 ait:
1139 4289 1419 4357 Abraham,
1473 4288 1755 4357 Abraham,
1804 4305 1909 4343 non

337 4380 584 4435 extendes
605 4398 812 4435 manum
839 4390 977 4436 tuam
997 4399 1147 4453 super
1172 4399 1383 4455 puerum
1426 4420 1439 4434 .
1518 4421 1534 4435 .
1612 4421 1627 4435 .
1705 4421 1719 4436 .
1794 4422 1813 4436 .
1892 4420 1908 4437 .

1995 3673 2151 3727 restis
2205 3686 2288 3723 me
2331 3666 2511 3739 (Joan.
2565 3662 2699 3731 Vill).
2752 3660 2861 3714 Nos
2906 3671 3035 3725 ergo
3073 3654 3360 3710 Christiani
3407 3667 3570 3707 unum

1997 3763 2165 3818 Deum
2187 3759 2400 3813 Patrem
2422 3754 2687 3811 creditnus
2734 3761 2789 3806 et
2814 3749 3152 3815 conﬁtemur,
3178 3755 3233 3801 et
3255 3761 3419 3800 unum
3466 3745 3571 3799 Do-

2000 3854 2204 3908 minum
2224 3858 2468 3904 nostrum
2488 3846 2669 3900 Jesum
2709 3842 2981 3897 Christum
3010 3838 3202 3892 Filium
3249 3837 3382 3906 ejus,
3413 3851 3571 3906 quem

2002 3952 2058 4000 et
2082 3942 2169 3996 lex
2199 3951 2258 3995 et
2281 3938 2553 4009 prophetae
2581 3933 2742 3988 locuti
2774 3939 2917 3993 sunt,
2949 3937 3003 3984 et
3043 3943 3139 3997 per
3184 3929 3358 3996 ipsum
3408 3926 3575 3979 Deum

2004 4033 2219 4086 Patrem
2269 4043 2504 4092 oramus,
2532 4032 2587 4079 et
2630 4023 2730 4092 ipsi
2758 4021 2957 4088 gratias
2978 4019 3203 4085 agimus,
3234 4016 3358 4085 quia
3386 4024 3441 4070 et
3465 4016 3579 4085 ipse

2006 4123 2253 4178 Salvator
2301 4119 2374 4171 ita
2427 4113 2583 4168 nobis
2626 4110 2935 4171 mandavit,
2986 4107 3189 4171 dicens,
3241 4113 3296 4158 et
3333 4104 3581 4159 omnibus

2007 4209 2228 4267 credere
2247 4203 2549 4261 volentibus
2580 4216 2594 4251 :
2626 4197 2756 4251 Haec
2780 4205 2855 4249 est
2880 4195 2979 4247 tita
3033 4200 3247 4253 aeterna,
3283 4200 3337 4242 ut
3382 4206 3578 4260 cogno-

2010 4311 2158 4363 scant
2204 4311 2252 4353 te
2294 4296 2467 4351 solum
2493 4307 2667 4345 verum
2713 4288 2899 4350 Deum,
2947 4294 2997 4337 et
3024 4298 3168 4354 queat
3195 4281 3380 4333 misisti
3405 4279 3581 4332 Jesum

2013 4390 2272 4446 Christum
2298 4386 2477 4458 (Joan.
2506 4380 2660 4449 xvii).
2710 4377 2849 4445 Ergo
2896 4379 3281 4441 cognoscentes
3320 4377 3583 4438 praecepta

348 4512 363 4524 ο
454 4512 469 4526 0
563 4509 578 4524 ο
666 4513 683 4528 0
760 4512 773 4527 0
854 4514 869 4528 0
944 4513 959 4528 0
1038 4515 1053 4529 0
1131 4514 1145 4530 0
1224 4514 1240 4529 0
1317 4516 1332 4531 0
1407 4514 1426 4530 0
1502 4516 1519 4531 0
1597 4517 1612 4531 0
1694 4515 1709 4531 0
1800 4517 1815 4530 0

1989 4479 2311 4539 'Salvatoris
2352 4474 2522 4531 nostri
2567 4469 2785 4534 Christi,
2818 4480 2982 4521 unum
3011 4463 3180 4518 Deum
3229 4459 3441 4514 Patrem
3488 4472 3585 4525 per

452 4604 469 4619 0
564 4604 579 4618 0
667 4604 683 4619 0
761 4606 776 4619 ο
854 4605 869 4620 ο
946 4605 964 4622 0
1037 4600 1056 4622 6
1134 4607 1149 4623 0
1229 4609 1244 4626 ο
1318 4608 1335 4624 0
1413 4607 1428 4623 0
1507 4609 1521 4623 0
1600 4608 1615 4623 0
1695 4609 1708 4623 0
1804 4610 1819 4624 0
1896 4609 1912 4625 ο

340 4653 487 4710 unde
516 4654 570 4710 in
589 4670 809 4726 sequen.
895 4696 910 4712 .
986 4696 1002 4713 .
1082 4698 1097 4712 .
1174 4700 1189 4714 .
1266 4699 1282 4715 .
1356 4660 1596 4718 invenies
1630 4664 1915 4734 scriptum,

419 5036 434 5066 ⁸
466 5030 524 5086 ln
561 5031 753 5087 divinis
796 5030 1042 5086 Personis
1092 5045 1198 5085 non
1239 5038 1321 5085 est
1363 5030 1612 5101 prior-itas
1640 5028 1917 5101 temporis,

339 5118 467 5159 cum
516 5102 623 5155 sint
661 5116 848 5156 omnes
888 5109 997 5155 tres
1050 5098 1380 5169 coarternaaf
1407 5098 1590 5169 Solum
1620 5100 1921 5169 concipitur

336 5171 481 5225 ordo
511 5170 649 5225 inter
672 5170 841 5240 ipsas;
866 5183 1059 5239 nempe
1086 5168 1262 5240 Pater,
1295 5169 1486 5224 deinde
1516 5168 1708 5240 Filius,
1730 5168 1919 5237 pOStea

336 5240 581 5309 Spiritus
608 5238 852 5304 sanctus;
880 5238 1009 5307 quia
1035 5254 1155 5309 cum
1196 5238 1366 5309 Filius
1409 5240 1479 5293 sit
1519 5252 1644 5309 vere
1680 5238 1919 5309 Persona

337 5305 548 5377 genita,
601 5311 657 5364 in
705 5305 967 5377 conceptu
1012 5308 1125 5376 ejus
1178 5308 1341 5363 debet
1389 5306 1692 5377 praecedere
1740 5305 1920 5372 Pater,

336 5379 668 5499 grineipium
682 5379 1041 5460 generationis
1050 5393 1156 5460 seu
1175 5378 1392 5446 originis
1410 5395 1424 5443 ;
1448 5377 1645 5458 ethuia
1660 5391 1724 5430 ex
1742 5390 1926 5457 amore

392 5457 529 5499 atrrs
555 5447 622 5499 ad
648 5448 859 5499 Filium.
891 5456 946 5499 et
964 5447 1085 5499 Ριιιι
1112 5447 1179 5499 ad
1199 5445 1413 5499 Patrem
1442 5453 1673 5499 smratur
1690 5445 1921 5499 Sumtus

392 5445 542 5503 atris
555 5447 622 5502 ad
648 5445 859 5511 Filium,
891 5456 946 5502 et
964 5447 1085 5502 Filii
1112 5447 1179 5501 ad
1199 5445 1413 5502 Patrem
1442 5447 1673 5515 spiratur
1690 5445 1921 5515 Spiritus

339 5526 599 5587 sanctus,
632 5518 753 5572 ideo
780 5518 1001 5587 spiratio
1047 5518 1321 5585 utriusque
1356 5514 1579 5587 habetur
1622 5522 1683 5568 ut
1710 5514 1922 5567 initium

340 5586 586 5656 Spiritus
613 5584 826 5656 sancti,i
856 5602 966 5642 non
1004 5584 1314 5656 posterioris
1341 5595 1520 5640 tamen
1558 5584 1613 5638 in
1648 5590 1924 5656 naturaet

342 5652 718 5727 subsistentia,
740 5655 834 5715 sed
858 5652 1127 5714 coaeterni.
1157 5656 1234 5714 Ac
1260 5664 1584 5714 coaeternum
1613 5653 1828 5724 quidem
1847 5652 1922 5707 ita

2018 4578 2192 4646 ipsum
2218 4585 2431 4641 semper
2458 4566 2756 4629 laudemus,
2787 4560 2873 4616 cui
2920 4567 3005 4614 est
3051 4558 3221 4626 gloria
3261 4556 3313 4610 in
3369 4550 3583 4607 smcuia.

2020 4666 2213 4721 Amen.

2022 5025 2221 5082 latetur
2240 5020 2478 5094 pluribus
2504 5020 2559 5094 in
2580 5014 3006 5094 lodsMaximus,
3038 5016 3106 5088 ut.
3138 5006 3431 5094 verepdum
3484 5024 3591 5094 non

2026 5076 2469 5161 siiiéiin‘i’sensu
2488 5091 2561 5161 ah_
2579 5104 2663 5161 eo,
2696 5098 2855 5153 quem
2877 5078 3230 5161 judicavimus
3255 5076 3596 5147 discrepante

2027 5156 2315 5221 rb'initium
2344 5162 2410 5214 ab
2441 5175 2506 5213 eo
2536 5156 2697 5211 fuisse
2727 5158 3079 5221 usurpatum._
3220 5219 3229 5221 _
3296 5218 3305 5221 Α
3610 5190 3613 5191 ν

2098 5216 2123 5264 ³7
2153 5232 2471 5300 Rursumque
2498 5228 2573 5280 ait
2596 5243 2613 5279 :
2634 5223 2761 5300 on
2780 5216 3166 5300 poterisguidere
3204 5218 3389 5289 faciem
3410 5233 3598 5274 meam,

2028 5320 2133 5357 non
2155 5303 2291 5355 enim
2308 5292 2493 5354 videbit
2519 5314 2598 5351 nte
2624 5295 2771 5349 homo
2796 5300 2846 5345 et
2865 5292 3011 5345 vivet.
3123 5354 3133 5357 _
3229 5355 3248 5357 ᾼ
3475 5355 3483 5357 ᾗ
3610 5322 3616 5333 .

2103 5354 2127 5402 ί
2154 5354 2282 5424 Cum
2302 5379 2469 5422 autem
2497 5375 2627 5420 esset
2653 5365 2809 5417 Josue
2830 5362 2880 5414 iu
2903 5375 3028 5430 agro
3051 5354 3191 5410 urbis
3214 5355 3440 5430 Iericho,
3465 5355 3604 5409 lera-

2030 5444 2098 5495 vit
2119 5441 2312 5505 oculos,
2334 5448 2384 5493 et
2405 5437 2528 5491 vidit
2548 5436 2708 5490 virum
2725 5428 2951 5505 stantem
2973 5437 3153 5505 contra
3178 5443 3253 5493 se,
3278 5428 3604 5505 euagiitaturn

2027 5493 2282 5565 tenentem
2301 5493 2552 5577 gladium,
2574 5503 2892 5577 perrexitque
2931 5499 2999 5552 ad
3021 5514 3156 5577 eum,
3195 5498 3343 5577 εει-ειη
3363 5493 3386 5549 Ξ
3410 5493 3602 5548 Noster

2027 5564 2103 5643 es,
2151 5597 2219 5632 an
2253 5564 2702 5632 adversariorum?
2750 5564 2851 5643 Qui
2888 5569 3190 5643 respondit:
3236 5564 3289 5619 Ν
3294 5580 3597 5643 cquaquam,

2031 5636 2124 5704 sed
2145 5665 2256 5703 sum
2274 5648 2511 5719 princeps
2529 5644 2779 5701 exercitus
2802 5636 3030 5705 Domini,
3046 5647 3095 5693 et
3123 5653 3257 5690 nunc
3284 5636 3443 5697 senio,
3494 5641 3598 5686 etc.
