4138 6196
338 325 444 385 80'.)

1158 316 1244 375 DE
1280 314 1637 373 CAPlTULlS
1677 310 2211 368 EV’ANGEUORUM
2252 309 2753 365 EXPOSITIONES.

3490 308 3593 361 8m

341 446 640 519 spiritalem
670 457 884 513 aquam,
913 439 1003 509 qni
1025 438 1185 493 hodie
1212 436 1423 491 dicebat
1448 453 1460 486 :
1493 433 1590 499 Qui
1620 432 1728 485 sitit
1748 430 1919 483 veniat
1950 435 1994 492 Α
2023 430 2199 486 divina
2226 430 2485 483 liberatur
2512 443 2541 482 a
2564 435 2811 497 peccato;
2846 428 2997 479 timor
3025 425 3168 479 enim
3201 422 3316 490 Dei,
3345 424 3484 479 sicut
3509 424 3594 480 di-

345 518 415 592 ad
451 555 551 603 me,
594 545 643 590 et
683 535 823 587 bibat
862 532 1040 604 (Joan.
1075 528 1187 597 vn).
1218 527 1340 580 Haec
1368 525 1526 593 igitur
1553 522 1738 585 Maria,
1768 518 1921 587 cujus

344 628 569 683 fecimus
596 625 946 687 mentionem,
980 629 1037 674 ut
1081 618 1211 672 mihi
1240 616 1469 675 videtur,
1509 624 1793 681 personam
1834 622 1921 662 os-

348 717 522 772 tendit
556 714 726 768 lidelis
754 710 1024 772 Ecclesiae,
1055 721 1171 775 qua:
1203 704 1403 757 mavult
1431 701 1656 755 Domino
1685 698 1923 751 adhtere—

349 824 429 871 re,
453 821 615 875 quam
638 802 874 871 alloquio
902 816 999 853 suo
1022 797 1279 851 Dominus
1302 808 1514 862 semper
1532 790 1782 854 redilicat,
1807 799 1924 855 quae

350 900 419 953 dc
450 898 687 952 fontibus
729 892 925 947 Christi
972 888 1235 957 frequenti
1277 883 1621 939 inundatione
1650 876 1923 949 perfundi-

353 1001 461 1053 tur,
488 1004 647 1058 quam
677 984 1001 1041 assidentem
1029 981 1132 1035 sibi
1161 978 1433 1041 Dominus,
1474 982 1530 1028 ct
1554 973 1664 1027 suis
1692 967 1927 1035 vestigiis

351 1080 713 1132 adhaerentem
754 1089 860 1128 non
891 1078 1227 1140 aspernatur,
1258 1065 1350 1121 sed
1378 1063 1556 1133 potius
1586 1059 1923 1119 consolatur;

350 1169 445 1237 qui
492 1174 547 1220 et
588 1165 752 1235 pedes
795 1160 1176 1232 discipulorum
1215 1158 1395 1210 lavare
1434 1153 1682 1222 dignatus
1710 1156 1835 1203 est:
1870 1152 1928 1199 ut

350 1259 498 1330 quod
538 1258 589 1314 ci
634 1257 902 1310 Abraham
939 1251 1228 1322 aliquando
1268 1248 1492 1314 fecerat,
1534 1246 1638 1299 hoc
1665 1243 1778 1312 ipse
1808 1239 1928 1293 filiis

352 1351 581 1407 Abrahte
625 1348 880 1403 exhibere
915 1352 1145 1399 curaret.
1179 1342 1366 1395 Nonne
1397 1338 1491 1393 tibi
1518 1337 1745 1401 videtur,
1777 1347 1929 1402 rogo,

349 1443 493 1497 hanc
514 1440 734 1494 Mariam
762 1437 1004 1505 vestigiis
1029 1434 1237 1490 Domini
1268 1431 1590 1487 assidentem
1625 1462 1646 1482 ι
1722 1466 1735 1480 .
1818 1466 1831 1479 .
1914 1465 1926 1479 .

452 1569 466 1586 .
542 1530 768 1585 dicimus
806 1541 1092 1597 personam
1124 1524 1367 1593 perdere.
1445 1558 1461 1573 .
1539 1556 1555 1573 .
1633 1554 1648 1569 .
1726 1556 1739 1568 .
1820 1550 1839 1571 .
1916 1553 1930 1567 .

352 1623 410 1679 In
443 1622 564 1678 Psal
589 1622 669 1677 uis
696 1634 872 1674 sermo
902 1617 1113 1672 divinus
1139 1613 1431 1682 alloquitur
1458 1627 1471 1663 :
1497 1608 1652 1674 Audi,
1684 1608 1831 1677 ﬁlia;
1862 1607 1937 1660 in-

348 1715 495 1768 cl'na
523 1729 700 1766 aurem
732 1722 890 1776 tuam,
913 1719 961 1763 et
986 1707 1282 1763 obliviscere
1300 1703 1545 1775 populum
1577 1711 1735 1766 tuum,
1766 1709 1814 1754 et
1842 1701 1934 1754 ἀο-

2023 523 2097 575 cit
2140 519 2436 589 Scriptura,
2475 519 2685 589 expellit
2720 527 2982 589 peccatum
3025 517 3211 588 (Ecc'li.
3255 518 3314 583 l).
3348 516 3476 571 Nam
3505 518 3598 586 qui

2023 612 2140 665 sine
2170 611 2362 663 timore
2391 616 2599 663 estnon
2630 610 2827 677 poterit
2848 606 3158 676 justilicari;
3191 623 3321 676 ergo
3348 610 3395 662 si
3423 610 3598 663 oculus

2027 710 2139 754 tuus
2161 700 2480 754 scandalizat
2501 708 2571 766 te,
2591 717 2711 754 erue
2738 701 2881 753 illum
2903 712 2949 753 et
2978 701 3172 770 projice
3199 700 3287 753 abs
3313 711 3359 754 te
3383 700 3597 771 (Matth.

2026 793 2080 859 v)
2107 809 2120 853 ;
2152 790 2343 845 melius
2366 798 2447 846 est
2473 790 2620 843 cnim
2646 791 2865 859 plagam
2884 791 3126 859 corporis
3149 792 3413 846 sustinere
3438 808 3601 861 quam

2030 881 2139 950 pati
2181 879 2515 948 naufragium
2558 881 2834 943 castitatis,
2886 880 2975 934 ubi
3021 881 3196 934 anima
3234 881 3437 951 pariter
3480 896 3603 936 cum

2030 986 2259 1041 corpore
2286 970 2541 1025 interibit.
2574 970 2681 1025 Sed
2711 986 2777 1026 ne
2807 980 2882 1036 te,
2911 972 3137 1041 quisque
3166 972 3253 1027 ille
3281 987 3357 1036 es,
3402 971 3604 1041 fragilis

2029 1076 2219 1116 sensus
2257 1061 2509 1117 sollicitet
2537 1062 2635 1117 ista
2673 1062 2937 1131 przecisio,
2977 1071 3037 1117 ut
3070 1072 3224 1133 putes
3252 1064 3493 1118 membra
3525 1066 3604 1119 tui

2031 1154 2293 1224 corporis,
2325 1162 2379 1208 et
2426 1154 2656 1208 maxime
2701 1154 3001 1209 necessaria
3045 1163 3324 1223 amputare
3366 1157 3602 1222 debere;

2032 1262 2141 1300 non
2168 1246 2402 1299 membra
2431 1246 2608 1314 plane,
2632 1246 2726 1300 sed
2750 1247 2874 1300 vitia
2897 1245 3151 1302 Dominus
3177 1248 3426 1317 praecepit
3454 1264 3605 1303 rese-

2033 1335 2221 1401 canda,
2250 1343 2308 1389 et
2354 1346 2531 1390 motus
2577 1350 2765 1391 omnes
2805 1335 3148 1405 frangendos,
3180 1346 3340 1407 atque
3378 1339 3609 1408 impetus

2034 1435 2378 1495 peccatorum
2405 1442 2419 1477 :
2442 1432 2501 1479 ut
2522 1425 2593 1479 ibi
2628 1426 2693 1480 ad
2714 1426 3064 1497 praecipitium
3085 1426 3440 1483 damnationis
3460 1444 3609 1484 men-

2035 1526 2143 1571 tem
2171 1518 2363 1572 incutit
2389 1516 2655 1584 inimicus,
2692 1516 2908 1584 ibidem,
2941 1520 3226 1574 resistente
3252 1521 3354 1576 sibi
3379 1521 3609 1576 maceria

2036 1608 2316 1673 castitatis,
2367 1616 2592 1677 pereant
2637 1608 2754 1676 ejus
2798 1611 3226 1666 machinamenta
3279 1614 3503 1683 peccati.
3553 1613 3611 1670 Si

2038 1700 2225 1755 oculus
2254 1706 2375 1753 tuus
2404 1699 2594 1763 dexter
2620 1700 2943 1755 scandalizat
2969 1710 3043 1769 te,
3082 1702 3189 1758 hoc
3215 1712 3315 1769 est,
3347 1705 3393 1759 si
3433 1705 3611 1760 inten-

351 1822 493 1859 mum
515 1805 676 1875 patris
700 1804 803 1866 tui;
834 1811 881 1854 et
904 1799 1224 1868 concupiscet
1252 1810 1345 1848 rea:
1370 1793 1591 1863 speciem
1617 1802 1934 1875 tuam,_quo-
1968 1795 2013 1854 B
2040 1790 2185 1844 tione
2225 1789 2407 1843 illicita
2449 1789 2733 1845 delectaris
2765 1791 2943 1846 videre
2971 1794 3115 1861 quod
3144 1796 3315 1864 possit
3344 1796 3610 1863 occidere,

352 1897 498 1949 niam
534 1895 644 1963 ipse
678 1902 753 1946 est
793 1890 1047 1945 Dontinus
1084 1887 1224 1941 Deus
1261 1894 1408 1948 tuus,
1447 1891 1495 1936 et
1534 1880 1778 1935 adorabis
1822 1896 1935 1932 eum

354 1990 372 2050 (
385 1986 531 2040 Psal.
562 1983 727 2053 xuv).
754 1981 896 2050 Ergo
925 1979 993 2034 de
1022 1978 1260 2033 fontibus
1286 1974 1506 2036 Christi,
1532 1984 1583 2027 ut
1607 1972 1807 2026 dictum
1834 1977 1934 2034 est,

352 2078 609 2145 irrigatur
636 2073 893 2129 Ecclesia.
926 2069 1107 2138 Diligit
1157 2066 1301 2122 enim
1347 2072 1406 2119 et
1444 2062 1631 2118 dilexit
1683 2060 1939 2115 Dominus

356 2169 605 2222 Christus
630 2163 925 2219 Ecclesiam
949 2200 967 2228 ,
994 2159 1259 2230 probante
1298 2154 1556 2225 Apostolo
1585 2164 1641 2206 et
1682 2151 1896 2205 dicente
1923 2166 1934 2201 :

358 2258 595 2312 Christus
626 2250 804 2309 dilexit
836 2251 1145 2316 Ecclesiam,
1170 2256 1218 2301 et
1254 2246 1581 2315 semetipsum
1601 2241 1815 2295 tradidit
1848 2256 1939 2309 pro

356 2367 441 2414 ea,
465 2357 520 2400 ut
548 2362 661 2400 eam
691 2343 1063 2412 sanctiﬁcaret,
1082 2338 1337 2393 mandans
1358 2351 1474 2389 eam
1496 2334 1699 2387 lavacro
1720 2345 1866 2400 aqua:
1886 2329 1937 2382 in

358 2436 510 2491 verba
560 2438 676 2490 viae
724 2433 938 2504 (Ephes.
987 2430 1062 2500 ν),
1096 2438 1199 2486 etc.
1229 2427 1371 2495 Ergo
1398 2425 1490 2495 qui
1517 2424 1629 2479 sitit
1657 2422 1835 2476 veniat
1874 2419 1942 2474 ad

358 2546 447 2584 me
476 2536 532 2584 et
569 2528 739 2583 bibat.
775 2525 1055 2587 Bibamus,
1087 2523 1311 2577 obsecro
1353 2535 1475 2583 vos,
1527 2516 1737 2581 fratres,
1777 2526 1944 2582 aquas

360 2623 483 2678 illas
510 2620 755 2676 cmlestes
782 2617 850 2673 de
891 2614 1090 2671 Christi
1130 2613 1366 2669 fontibus
1393 2609 1689 2675 venientes,
1719 2614 1776 2663 et
1814 2621 1944 2663 can-

359 2722 539 2767 tenms
564 2710 734 2765 eidem
766 2707 997 2762 Domino
1022 2713 1207 2761 nostro
1229 2704 1503 2759 canticum
1533 2716 1751 2756 novum.
1782 2698 1944 2753 inno-

360 2812 516 2857 vatus
547 2802 687 2856 enim
718 2798 970 2854 Ecclesia:
998 2797 1226 2867 populus
1254 2810 1454 2849 novum
1482 2799 1664 2848 cantet
1690 2797 1746 2845 et
1774 2789 1945 2844 canti-

360 2911 501 2950 cum.
527 2891 839 2949 [nccdamus
861 2888 1148 2959 psallentes
1166 2886 1253 2941 via
1282 2884 1467 2954 regali,
1494 2892 1550 2938 ut
1572 2880 1947 2954 perveniamus

359 2988 428 3041 ad
460 2984 677 3039 Patrem
707 2980 939 3037 Domini.
980 2979 1122 3033 Dicis
1151 2977 1281 3031 mihi
1313 2995 1325 3029 :
1359 2990 1481 3045 quae
1508 2981 1590 3030 est
1615 2973 1716 3027 ista
1745 2972 1831 3025 via
1861 2984 1949 3023 re-

362 3081 530 3151 galis?
560 3077 697 3131 Audi
724 3076 899 3145 ipsum
937 3071 1273 3127 Salvatorem
1314 3069 1581 3124 dicentem
1623 3084 1636 3118 :
1682 3063 1795 3135 Ego
1832 3079 1946 3118 sum

2037 1889 2095 1935 et
2140 1880 2345 1949 gladios
2392 1881 2488 1936 tibi
2532 1884 2758 1940 curiosis
2802 1884 3088 1941 luminibus
3125 1903 3461 1958 praeparare;
3493 1904 3615 1945 cuin

2039 1974 2209 2042 magis
2230 1973 2427 2028 debeas
2455 1973 2703 2028 laudabili
2725 1974 2934 2046 pudore
2960 1976 3137 2045 digitis
3157 1980 3285 2049 ipsis
3313 1981 3499 2037 oculos
3524 1997 3618 2036 cu-

2038 2065 2276 2128 stodire,
2321 2063 2626 2133 decoreque
2675 2068 2941 2121 velamine
2986 2071 3250 2125 castitatis
3296 2081 3616 2142 coopertos,

2042 2153 2198 2207 nullis
2224 2153 2623 2209 lascivientibus
2646 2156 2789 2210 vitiis
2817 2158 3080 2225 relaxare,
3111 2160 3202 2213 sed
3232 2176 3421 2230 rapere
3452 2164 3614 2233 ipsos,

2042 2254 2100 2299 ut
2117 2244 2317 2299 dictum
2340 2253 2441 2311 est,
2463 2246 2607 2301 visus
2633 2254 2756 2301 tuos
2784 2248 3054 2317 divinique
3080 2251 3278 2318 vigoris
3304 2252 3467 2308 frenis
3490 2254 3618 2309 sub-

2036 2336 2231 2405 jicere;
2264 2354 2334 2393 ne
2377 2338 2529 2392 miles
2555 2337 2755 2392 Christi
2782 2338 2936 2394 ﬂuxis
2964 2341 3209 2396 vincatur
3231 2344 3616 2412 cogitationum

2040 2431 2337 2501 illecebris,
2376 2448 2510 2488 neve
2550 2443 2697 2489 casta
2728 2434 2923 2489 femina
2954 2436 3257 2493 ludentibus
3286 2440 3457 2496 oculis
3480 2453 3617 2497 'ser-

2040 2523 2275 2593 pentinis
2301 2524 2524 2579 nexibus
2552 2533 2819 2580 teneatur.
2844 2526 3091 2581 Cavenda
3112 2538 3236 2583 sunt
3266 2530 3385 2596 ista,
3409 2534 3619 2588 carissi-

2042 2616 2134 2668 mi.
2163 2614 2273 2687 Ego
2301 2632 2433 2680 sum,
2464 2618 2537 2670 ait
2560 2617 2833 2683 Dominus,
2865 2620 2954 2672 lux
2979 2621 3190 2685 mundi;
3212 2625 3296 2691 qui
3317 2640 3398 2677 me
3416 2634 3620 2678 secutus

2044 2707 2218 2776 fuerit,
2261 2722 2361 2760 non
2386 2708 2609 2761 manebit
2652 2710 2705 2762 in
2737 2710 2970 2773 tenebris,
3012 2713 3170 2784 755
3202 2714 3291 2766 sed
3322 2713 3521 2767 habebit
3542 2716 3622 2767 lu-

2044 2813 2159 2851 men
2187 2798 2303 2851 vita
2328 2796 2660 2869 (Joan.vm).
2690 2797 2957 2866 Eligamus
2979 2801 3159 2867 igitur,
3187 2804 3464 2866 carissimi,
3488 2818 3620 2857 can-

2045 2887 2219 2941 didam
2262 2888 2455 2951 lucem,
2487 2904 2647 2957 quam
2679 2891 3017 2945 tenebrarum
3047 2907 3308 2961 errorem,
3337 2903 3393 2946 ut
3422 2895 3475 2947 in
3506 2894 3625 2948 luce

2047 2988 2342 3045 manentes,
2374 2989 2433 3033 ut
2459 2980 2596 3036 lucis
2623 2982 2844 3049 auxilio,
2866 2985 3136 3038 comnmni
3160 2985 3313 3039 bona:
3342 2985 3624 3039 conscien-

2050 3074 2135 3126 tiae
2163 3072 2357 3139 gaudio
2385 3073 2707 3143 repleamnr,
2738 3090 2952 3144 semper
2978 3078 3181 3144 gratias
3209 3086 3427 3147 agentes
3454 3077 3629 3133 Domi-

365 3172 464 3235 ria,
497 3179 545 3222 et
579 3168 788 3229 veritas,
810 3173 857 3217 et
886 3164 1019 3226 rita;
1046 3177 1191 3214 nemo
1213 3159 1347 3212 venit
1376 3157 1442 3210 ad
1472 3155 1705 3217 Patrem,
1731 3152 1830 3204 nisi
1861 3166 1951 3219 per
1977 3152 2018 3210 C
2054 3177 2143 3225 ηο,
2174 3163 2265 3229 qui
2295 3171 2376 3216 εει
2402 3163 2714 3217 benedictus
2742 3165 2795 3218 in
2834 3167 3046 3219 summa.
3080 3168 3269 3222 Amen.

364 3279 444 3316 me
468 3260 650 3331 (Joan.
678 3255 807 3326 xw).
840 3255 934 3309 Via
968 3251 1163 3321 regalis
1190 3250 1404 3312 dicitur,
1434 3247 1558 3315 quia
1600 3245 1714 3313 ipse
1737 3250 1821 3295 est
1854 3254 1949 3293 rex

369 3359 589 3415 noster;
617 3357 674 3403 et
708 3347 967 3417 propheta
996 3343 1071 3397 ait
1103 3361 1114 3395 :
1148 3339 1311 3412 754
1342 3338 1497 3402 Deus,
1526 3334 1779 3405 judicium
1808 3340 1948 3384 tuum

369 3444 477 3513 regi
513 3442 602 3507 da,
632 3448 680 3492 et
708 3437 965 3508 justitiam
991 3444 1129 3486 tuant
1148 3430 1259 3501 ﬁlio
1284 3429 1417 3499 regis
1442 3425 1610 3495 (Psal.
1644 3423 1812 3491 uxr).
1847 3419 1949 3474 Ista

369 3541 453 3587 est
480 3532 565 3585 via
595 3528 806 3597 regalis,
839 3526 938 3579 istc
971 3531 1052 3577 cst
1081 3522 1199 3575 fons
1226 3520 1346 3573 vita:
1373 3517 1438 3571 de
1468 3531 1594 3583 quo,
1640 3513 1767 3567 dum
1813 3508 1949 3562 vivi-

370 3638 509 3686 mus,
541 3622 719 3673 anima
741 3618 1039 3673 satietatem
1070 3611 1309 3666 omnium
1340 3610 1603 3661 bonorum
1634 3601 1849 3671 accipit.
1874 3598 1953 3652 Ex

374 3712 538 3779 ipsius
575 3721 802 3778 persona
843 3703 1050 3759 Domini
1092 3700 1407 3769 loquebatur
1451 3698 1645 3751 iterum
1694 3692 1955 3763 propheta

372 3804 559 3856 dicens
591 3816 603 3851 :
648 3797 841 3863 Venite,
871 3795 1001 3865 ﬁlii;
1034 3792 1206 3845 audite
1227 3808 1324 3856 me,
1357 3792 1588 3842 timorem
1618 3784 1827 3838 Dontiui
1857 3782 1955 3836 do-

374 3890 495 3945 cebo
537 3905 620 3942 vos
665 3886 833 3957 (Psat.
877 3882 1085 3953 χχχιιι).
1129 3882 1337 3946 Venite,
1381 3878 1491 3932 ﬁlii.
1537 3878 1659 3932 Filii
1696 3876 1788 3942 ait,
1831 3875 1955 3943 quia

376 3990 618 4054 quotquot
649 3988 944 4047 receperunt
967 3993 1080 4029 eum
1110 3975 1249 4029 dedit
1270 3976 1343 4027 eis
1365 3981 1667 4044 potestatem
1696 3970 1832 4040 ﬁlios
1860 3967 1958 4020 Dei

376 4073 492 4143 ﬁeri
523 4070 700 4142 (Joan.
733 4073 793 4138 ι).
825 4066 963 4134 Ergo
1004 4066 1199 4129 venite,
1234 4063 1341 4128 lilii,
1387 4061 1572 4115 audite
1618 4075 1735 4123 me;
1781 4057 1959 4111 venite

379 4164 443 4217 ad
475 4178 561 4216 me
589 4162 746 4224 viam,
780 4166 837 4212 ut
866 4159 931 4211 ab
953 4154 1224 4210 erroribus
1253 4162 1309 4206 et
1333 4150 1656 4205 anfractibus
1686 4147 1865 4203 saeculi
1895 4148 1958 4200 li-

378 4254 571 4317 berati,
608 4259 747 4305 tecto
796 4249 986 4302 itinere
1012 4244 1244 4315 pergulis
1286 4242 1351 4297 ad
1382 4239 1616 4294 Patrem.
1665 4238 1777 4317 Ego
1821 4253 1957 4303 sum,

381 4343 577 4411 inquit,
600 4341 702 4405 via,
728 4340 780 4393 in
806 4354 909 4406 qua
935 4337 1065 4390 nulli
1088 4347 1213 4389 sunt
1237 4334 1498 4388 scelerum
1524 4311 1748 4387 tortuosi
1771 4329 1957 4396 flexus,

383 4434 529 4487 nulla
560 4430 923 4501 perversitatis
951 4428 1177 4496 malitia,
1205 4442 1311 4481 non
1341 4434 1579 4494 petrosa,
1609 4439 1715 4477 non
1744 4423 1960 4492 spinosa

2050 3253 2166 3307 III.
2210 3252 2651 3327 Item‘recitatum
2684 3266 2759 3308 est
2802 3257 2855 3309 in
2897 3268 3073 3327 sancto
3115 3259 3418 3327 Evangelia,
3458 3259 3628 3316 Marc.

2241 3338 2312 3390 ιν,
2346 3324 2414 3376 ll
2444 3342 2456 3376 :
2494 3323 2592 3387 Qui
2634 3325 2874 3395 loquitur,
2906 3324 3108 3381 verbum
3142 3318 3361 3383 seminat
3402 3318 3438 3384 ί.

2120 3417 2273 3484 llinc,
2306 3417 2586 3483 carissimi,
2615 3416 2682 3470 de
2711 3416 2921 3472 Domini
2951 3433 3218 3482 sermone,
3252 3421 3369 3489 ipso
3403 3421 3630 3477 Domino

2051 3510 2353 3578 adjuvante,
2385 3510 2667 3579 loquamur
2699 3527 2711 3561 :
2748 3507 2846 3572 Qui
2875 3510 3114 3580 loquitur,
3152 3511 3355 3564 verbum
3388 3514 3628 3567 seminat.

2052 3602 2420 3657 Ct-rtissimum
2450 3608 2531 3655 est
2559 3602 2681 3669 quia
2712 3601 2804 3668 qui
2834 3601 3090 3671 loquitur,
3118 3602 3339 3656 verbum
3370 3604 3629 3667 seminat;

2054 3694 2255 3763 spargit
2275 3693 2489 3761 quidem
2517 3693 2679 3746 verba
2712 3700 2766 3745 ut
2792 3693 3014 3759 semina,
3045 3692 3136 3746 sed
3160 3692 3300 3746 Deus
3329 3693 3631 3747 incremen-

2056 3792 2168 3839 tum
2219 3792 2454 3855 pratstat.
2514 3783 2645 3837 Nam
2690 3784 2870 3853 accipe
2924 3783 3419 3852 comparationem:
3451 3798 3633 3838 semen

2056 3894 2175 3932 cum
2221 3884 2431 3930 tenetur
2460 3875 2511 3929 in
2555 3890 2736 3937 manu,
2763 3874 2935 3944 ipsum
2979 3873 3151 3927 solum
3194 3880 3402 3939 manet;
3434 3874 3477 3927 si
3506 3889 3635 3928 vero

2052 3969 2308 4037 jactatum
2329 3967 2508 4031 fuerit,
2522 3974 2577 4021 et
2596 3967 2913 4021 scminatum
2933 3964 3138 4019 cuticSti
3160 3964 3328 4018 imbre
3345 3962 3634 4034 perfusum,

2059 4061 2235 4114 divina
2259 4058 2598 4112 Providentia
2623 4056 2891 4111 radicatur
2913 4064 2967 4110 et
2987 4055 3196 4111 crescit.
3216 4053 3293 4109 lta
3316 4062 3371 4110 et
3392 4070 3493 4110 nos
3514 4054 3640 4108 dum

2062 4154 2280 4206 verbum
2304 4161 2547 4205 tenemus
2574 4150 2626 4204 in
2649 4165 2763 4212 ore,
2791 4150 2959 4216 ipsum
2984 4149 3152 4202 solum
3180 4157 3362 4202 manet
3393 4165 3405 4201 :
3439 4147 3485 4202 si
3512 4161 3641 4202 vero

2056 4246 2317 4315 jactatnm
2341 4244 2520 4308 luerit,
2545 4249 2598 4296 et
2626 4239 3023 4309 quodammodo
3052 4238 3395 4302 seminatum,
3427 4253 3523 4307 per
3547 4237 3640 4292 Dei

2061 4338 2286 4408 gratiam
2311 4334 2578 4388 radicatur
2610 4332 2662 4385 in
2684 4330 2934 4385 cordibus
2961 4327 3310 4395 singulorum,
3342 4334 3398 4378 et
3426 4327 3640 4393 crescit,

2065 4440 2225 4498 atque
2255 4426 2634 4495 multiplicatur
2663 4423 2715 4475 in
2745 4420 3020 4475 fructibus.
3054 4418 3195 4487 Ergo
3225 4417 3416 4471 merito
3442 4415 3643 4471 dictum

384 4526 538 4591 loca;
570 4523 663 4579 sed
689 4530 859 4577 totum
882 4522 1175 4590 limpidum,
1207 4529 1379 4573 totum
1403 4533 1584 4581 suave,
1612 4524 1781 4571 totum
1812 4517 1963 4570 inno-
1997 4509 2039 4565 D
2069 4533 2151 4577 εει
2184 4540 2195 4574 ;
2231 4519 2331 4584 Qui
2371 4520 2612 4589 loquitur,
2652 4515 2855 4569 verbum
2899 4515 3138 4576 seminat,
3170 4518 3225 4566 et
3263 4523 3398 4579 quos
3440 4508 3645 4562 fructus

386 4632 519 4671 cens
548 4625 709 4683 atque
743 4628 1008 4678 securum,
1042 4611 1131 4665 ubi
1163 4611 1381 4679 vestigia
1422 4608 1591 4663 fidelis
1632 4608 1823 4661 animzc
1857 4623 1965 4660 non

388 4705 671 4759 lzedantur.
706 4703 821 4756 Non
874 4709 958 4755 est
998 4701 1214 4768 aliquid,
1247 4700 1456 4763 fratres,
1502 4698 1641 4766 apud
1682 4696 1966 4751 Dominmn

389 4813 665 4866 aSperum,
695 4812 803 4849 non
833 4803 915 4848 est
958 4793 1101 4861 quod
1140 4794 1359 4846 horreat
1388 4790 1529 4860 apud
1560 4789 1845 4852 Christum,
1880 4786 1969 4840 ubi

389 4896 570 4941 totum
598 4900 760 4939 suave
789 4893 1006 4954 paterna
1038 4883 1319 4939 clementia
1349 4881 1685 4950 praeparavit.
1717 4879 1856 4945 Ergo
1902 4892 1970 4931 ex

388 4977 555 5045 hujus
593 4991 822 5045 persona
862 4975 1184 5042 evangelista
1215 4973 1427 5043 (Manli.
1475 4972 1549 5041 ix)
1580 4972 1737 5025 docet
1780 4970 1969 5024 melius

387 5087 433 5123 es
458 5085 517 5123 sc
547 5084 666 5123 cum
701 5084 807 5121 uno
836 5068 1024 5133 oculo,
1056 5075 1109 5120 et
1136 5084 1239 5120 una
1280 5082 1437 5120 manu
1464 5108 1478 5132 ,
1508 5074 1563 5119 et
1593 5082 1698 5119 uno
1728 5065 1862 5134 pede
1889 5065 1970 5117 in-

394 5160 567 5213 troire
589 5160 641 5212 in
662 5173 884 5227 regnum
908 5157 1021 5224 Dei,
1048 5173 1208 5226 quam
1236 5159 1497 5212 habentes
1527 5158 1661 5211 duos
1691 5158 1893 5223 oculos,
1919 5165 1973 5211 et

388 5255 533 5305 duas
559 5266 765 5315 manus,
802 5260 857 5304 et
884 5250 1018 5304 duos
1043 5250 1206 5318 pedes
1233 5250 1370 5303 mitti
1410 5250 1460 5302 in
1489 5250 1784 5317 gehennam
1815 5250 1967 5323 ignis,

392 5343 490 5397 ubi
519 5342 714 5396 vermis
743 5358 925 5396 eorum
958 5358 1063 5395 non
1093 5343 1369 5405 morietur,
1394 5350 1448 5395 et
1476 5340 1612 5407 ignis
1641 5356 1746 5394 non
1776 5341 1971 5394 exstin-

390 5442 610 5502 guetur.
641 5432 756 5487 lloc
780 5434 869 5501 qui
897 5433 1061 5496 audit,
1090 5433 1204 5486 sine
1232 5433 1393 5487 dubio
1422 5440 1751 5498 conteretur,
1781 5442 1833 5485 et
1864 5432 1969 5487 uti—

394 5541 524 5580 nam
556 5525 919 5579 vehementius
950 5534 1239 5588 terreatur;
1289 5525 1413 5592 quia
1443 5523 1677 5578 timendo
1706 5533 1972 5594 praecepta

482 5702 496 5731 ¹
528 5701 746 5764 Vulgata
780 5700 898 5767 legit
933 5719 942 5751 ε
970 5697 1068 5763 Qui
1094 5700 1329 5766 δίἠιὶηητ,
1361 5698 1559 5752 verbum
1592 5694 1826 5749 seminat.

690 5796 950 5857 I’ATuaL.
1005 5792 1185 5851 LVII.

2070 4614 2257 4669 allcrat
2283 4629 2465 4667 semen
2496 4610 2610 4675 Dei,
2644 4610 2863 4662 verbum
2892 4605 3149 4675 spiritale,
3191 4603 3313 4657 audi
3366 4621 3380 4654 ε
3422 4600 3646 4654 Fructus

2071 4718 2238 4759 autem
2287 4706 2515 4773 spiritus,
2566 4703 2752 4771 inquit,
2796 4716 2930 4768 spes,
2973 4698 3181 4760 caritas,
3231 4694 3495 4765 gaudium,
3543 4707 3646 4760 pnas

2074 4796 2271 4867 (Galat.
2300 4794 2375 4861 ν),
2402 4800 2455 4845 et
2481 4800 2689 4845 cetera.
2719 4788 2883 4842 Achrt
2913 4788 3112 4839 fructus
3143 4793 3281 4837 terra
3309 4782 3504 4843 cordis,
3527 4794 3649 4849 quae

2073 4886 2295 4953 suscipit
2323 4898 2505 4936 semen
2536 4879 2857 4934 dominicum
2889 4884 2943 4930 ct
2970 4876 3021 4929 in
3051 4888 3277 4942 corpore
3308 4872 3473 4934 laetos,
3507 4879 3562 4924 et
3596 4870 3649 4923 in

2075 4978 2282 5047 spiritu.
2318 4975 2469 5029 Unde
2506 4982 2560 5029 et
2598 4972 2870 5041 apostolus
2909 4969 3100 5023 Paulus
3140 4966 3469 5021 auditoribus
3501 4966 3651 5020 dice-

2075 5070 2166 5123 bat
2197 5087 2207 5121 :
2236 5067 2347 5121 Nos
2371 5067 2509 5121 vobis
2539 5063 2828 5136 spiritualia
2868 5062 3256 5124 seminavimus;
3288 5074 3530 5129 magnum
3554 5068 3648 5123 est,

2077 5161 2121 5213 si
2147 5169 2308 5213 restra
2336 5157 2569 5210 carnalia
2598 5164 2844 5208 metamus
2882 5151 2932 5222 (1
2954 5151 3074 5204 Cor.
3104 5150 3212 5220 Ix)?
3238 5149 3375 5217 Ergo
3404 5148 3654 5203 fecunde-

2080 5259 2164 5303 tur
2192 5263 2319 5316 ager
2347 5246 2580 5316 pectoris
2606 5244 2796 5308 nostri,
2824 5251 2881 5295 ut
2910 5241 3164 5309 suscipiat
3192 5256 3375 5294 semen
3419 5241 3649 5295 domini-

2079 5355 2221 5406 cum,
2252 5347 2307 5392 et
2352 5336 2513 5391 fertili
2555 5334 2703 5401 fruge
2740 5333 3063 5401 locupletet;
3116 5346 3221 5384 non
3262 5331 3367 5386 sint
3414 5331 3465 5384 in
3512 5339 3653 5385 terra

2080 5431 2257 5485 cordis
2287 5428 2454 5483 nostri
2476 5427 2641 5495 spina:
2670 5432 2723 5478 et
2753 5423 2928 5477 tribuli
2950 5421 3339 5477 malevolentia:
3363 5421 3653 5485 smcularis,

2082 5540 2148 5578 ne
2176 5526 2374 5578 bonum
2419 5534 2601 5576 semen
2646 5525 2803 5573 necet
2842 5517 3062 5571 noxium
3108 5530 3322 5585 germen
3359 5531 3370 5564 :
3401 5528 3508 5567 non
3549 5513 3651 5565 sint

3340 5770 3420 5827 26
