4138 6196
510 240 616 290 ’811

1710 240 1765 297 5.
1804 238 2045 294 ΜΑΧΙΜΙ
2083 237 2527 294 ΤΑυιιιΝεΝδιδ

3660 222 3767 281 812

519 353 672 408 vobis
699 360 915 421 petrosa
932 353 1083 419 loca,
1123 362 1177 409 et
1219 354 1452 424 lapidum
1480 353 1762 410 infecunda
1802 351 2089 424 pernicies.
2120 355 2170 413 Α
2198 349 2353 412 (Isai.
2395 368 2508 418 Liv;
2553 350 2671 407 Cal.
2699 354 2794 425 iv).
2827 352 2986 408 Venit
3008 326 3089 409 ibi.
3110 353 3369 409 Dominus
3393 350 3570 418 Iesus,
3602 353 3778 410 multio

520 443 654 501 Nam
682 443 846 499 talem
878 444 1019 499 viam
1047 443 1303 499 exhorret
1330 444 1604 511 Dominus,
1634 444 1724 513 qui
1762 443 1909 509 dicit,
1936 442 2091 496 inha-

514 534 692 589 bitabo
718 535 770 588 in
800 535 893 598 eis,
930 541 979 588 et
1006 535 1143 589 inter
1163 549 1249 589 eos
1287 534 1561 589 ambulabo
1591 532 1681 604 (ιι
1708 531 1831 588 Cor.
1863 531 1967 602 vr);
1996 529 2095 586 sed

519 625 590 680 sit
614 632 776 690 terra,
813 628 872 677 ut
899 621 1026 689 dixi,
1057 622 1235 679 cordis
1272 623 1442 678 nostri
1468 622 1632 688 bona,
1656 637 1775 692 qua:
1802 620 1956 675 affert
1982 618 2096 673 fru-

519 722 640 770 ctus
664 713 982 780 tricesimos,
1015 721 1068 767 et
1093 713 1479 781 sexagesimos,
1508 721 1565 767 et
1591 712 1941 776 centesimas;
1993 711 2096 767 hoc

514 815 621 871 est,
646 806 1030 875 multiplicetur
1053 806 1107 859 in
1132 805 1381 860 omnibus
1404 805 1580 869 bonis,
1603 805 1801 859 habeat
1821 804 1874 859 in
1896 818 1956 857 se
1986 801 2096 857 frn-

520 904 637 951 ctus
664 894 935 959 frumenti,
967 895 1097 961 vini,
1129 903 1185 950 et
1211 894 1335 951 olei.
1368 894 1593 950 Fructus
1620 895 1752 963 vini,
1790 895 1894 950 hoc
1921 904 2002 950 est
2036 892 2097 944 ti-

519 991 617 1045 des
634 995 701 1044 et
724 987 992 1045 confessio
1031 988 1299 1058 passionis
1334 996 1393 1042 et
1437 987 1844 1042 resurrectionis
1886 984 2097 1040 Domini

523 1081 691 1136 nostri
719 1079 845 1137 Jesu
870 1079 1102 1147 Christi,
1149 1080 1241 1148 qui
1269 1079 1400 1134 lavit
1439 1079 1494 1134 in
1531 1079 1656 1134 vino
1701 1079 1892 1134 stolam
1920 1068 2095 1142 suain,

523 1180 578 1227 et
607 1173 659 1225 in
689 1171 948 1239 sanguine
989 1184 1103 1226 uvae
1129 1170 1461 1239 opertorium
1490 1183 1646 1225 suum
1674 1167 1884 1241 (Cenes.
1926 1167 2094 1236 xux),

526 1270 587 1318 et
615 1261 848 1319 torcular
873 1259 1150 1315 vindemiae
1172 1259 1393 1315 salutari
1413 1258 1622 1315 fervore
1640 1257 1875 1329 perfudit
1903 1275 1917 1310 :
1948 1256 2099 1326 cujus

523 1351 704 1423 calicis
731 1357 1069 1407 sacramento
1106 1349 1367 1413 viventes,
1394 1349 1471 1404 ita
1493 1348 1825 1404 inebriantur
1847 1347 1964 1416 ejus
1990 1345 2099 1416 spi-

523 1443 665 1499 ritali
712 1441 943 1506 fervore,
976 1447 1036 1495 ut
1083 1454 1199 1501 non,
1243 1439 1479 1499 sentiam
1517 1437 1696 1495 saeculi
1731 1443 2098 1507 tempestates,

523 1550 632 1589 non
673 1531 919 1602 injurias,
953 1546 1059 1591 non
1090 1530 1527 1601 persequentium
1567 1543 1791 1601 pinnas;
1821 1535 1882 1582 ut
1918 1526 2098 1582 decla-

525 1633 674 1683 mant
700 1632 756 1683 et
788 1622 973 1679 dicunt
1005 1638 1020 1676 :
1050 1619 1121 1674 Et
1150 1620 1290 1674 calix
1318 1628 1435 1674 tuas
1471 1619 1733 1675 inebrians
1761 1617 1923 1689 756
1948 1629 2101 1686 quam

516 1716 806 1789 praeclarus
853 1723 930 1768 est
973 1710 1145 1781 (Psal.
1190 1710 1347 1780 xxii).
1388 1707 1528 1778 Ergo
1571 1708 1775 1764 fructus
1819 1704 2100 1774 frumenti,

526 1807 634 1863 vini
663 1814 719 1859 et
746 1804 869 1860 olei.
902 1800 1018 1856 Olei
1050 1801 1252 1856 fructus
1290 1807 1413 1854 sunt
1440 1798 1642 1864 laetitia,
1682 1812 1807 1867 pax,
1852 1795 2099 1861 dulcedo,

523 1896 718 1952 mentis
749 1893 1030 1958 serenitas,
1060 1906 1200 1961 quae,
1237 1898 1298 1946 ut
1325 1889 1526 1957 oleum,
1565 1886 1979 1962 superferturet
2005 1899 2101 1940 su-

529 1986 865 2059 pereminet;
915 1983 1055 2038 unde
1082 1991 1139 2037 et
1164 1990 1325 2052 caput
1353 1981 1476 2049 ungi
1505 1979 1820 2041 mandatur,
1852 1985 1913 2031 ut
1939 1984 2104 2046 caput

524 2081 701 2139 cordis
722 2079 888 2136 nostri
915 2078 1038 2133 fidei
1058 2076 1263 2146 fulgore
1283 2074 1643 2146 resplendeat.
1660 2072 1779 2128 Istis
1797 2085 1927 2141 ergo
1951 2084 2102 2126 mens

525 2181 709 2235 nostra
738 2171 896 2228 bonis
938 2168 1303 2240 spiritualibus
1347 2181 1561 2236 semper
1586 2164 1839 2232 abundet,
1870 2172 1929 2218 ut
1959 2160 2102 2216 Patri

522 2282 620 2339 per
647 2265 836 2320 Filium
865 2276 1077 2332 semper
1103 2259 1304 2330 gratias
1329 2272 1568 2328 agamus.
1600 2255 1790 2311 Amen.

559 2356 666 2414 IV.
695 2355 827 2411 Item
846 2355 910 2408 de
936 2352 1151 2407 lectione
1170 2351 1338 2406 saneti
1376 2347 1643 2419 Evangelii
1671 2345 1840 2401 Marc.
1870 2359 1943 2410 v1,
1972 2342 2059 2397 3!.

596 2449 897 2504 Recitatum
927 2452 1028 2509 est,
1070 2449 1350 2513 postquam
1379 2442 1587 2498 occisus
1613 2450 1698 2496 est
1736 2440 1971 2495 Joannes
1996 2435 2104 2495 Ba-

527 2542 688 2614 ptista
715 2538 781 2593 ab
806 2535 971 2607 impio
992 2532 1225 2598 Herode,
1257 2532 1548 2586 allocutum
1573 2543 1693 2585 esse
1719 2527 2002 2583 Dominum
2021 2524 2103 2579 di-

526 2635 742 2706 scipulis
769 2633 898 2697 suis,
931 2638 991 2686 ut
1015 2629 1303 2684 transirent
1332 2627 1383 2681 in
1413 2625 1683 2682 desertum
1709 2624 1909 2687 locum,
1935 2629 1991 2677 et
2014 2635 2101 2676 re-

516 2729 867 2801 nuicsccrcnt
912 2720 1185 2793 pusillum.
1230 2714 1450 2773 Occisus
1489 2715 1726 2771 Joannes
1769 2713 1839 2769 ab
1864 2711 2097 2776 Herode,

526 2828 743 2875 sanctus
777 2816 843 2869 ab
872 2813 1073 2883 iniquo,
1097 2810 1359 2877 benignus
1394 2808 1461 2863 ab
1487 2807 1689 2877 impio;
1719 2805 1813 2861 sed
1836 2819 1941 2860 non
1969 2817 2101 2871 gau-

526 2910 652 2965 deat
686 2906 949 2968 inimicus,
998 2902 1122 2969 quia
1148 2899 1321 2968 justus
1346 2911 1664 2967 quacunque
1691 2904 1864 2950 morte
1892 2908 2099 2963 praeoc-

502 3005 759 3067 icupatus
776 2992 954 3056 fuerit,
978 2990 1083 3045 erit
1110 2989 1163 3043 in
1194 2987 1470 3055 refrigerio
1499 2984 1655 3057 (Sap.
1688 2982 1785 3055 iv).
1817 2982 2007 3039 Merito
2025 2982 2103 3036 di-

2191 443 2356 513 plicat
2381 444 2615 514 quinque
2650 458 2837 515 panes,
2867 452 2928 499 ut
2969 443 3209 500 Ecclesia
3247 444 3343 500 Dei
3390 443 3774 513 multiplicibus

2193 535 2385 589 divina
2420 536 2603 604 gratia:
2646 536 2957 591 muneribus
2998 535 3316 591 abundaret.
3364 535 3614 605 Quinque
3656 534 3778 591 illos

2193 642 2382 698 panes,
2413 628 2504 697 qui
2544 628 2982 698 multiplicantur,
3015 642 3300 698 possumus
3336 628 3575 696 quinque
3616 629 3773 699 757

2194 734 2381 774 sensus
2425 734 2717 790 corporeos
2763 720 3085 787 intelligere,
3123 720 3216 790 qui
3254 720 3680 790 multiplicantur
3721 720 3775 773 in

2195 812 2558 881 spiritualibus
2600 811 2863 867 sensibus.
2897 811 3040 866 Duos
3066 811 3241 880 pisces
3284 811 3490 865 Novum
3527 818 3587 864 et
3612 809 3777 864 Vetus

2196 901 2615 967 Testamentum,
2639 916 2736 973 per
2755 902 2899 971 quod
2924 902 3233 956 nutriuntur
3250 900 3518 964 homines,
3541 900 3634 956 sed
3654 916 3778 955 cum

2196 1007 2356 1064 pane,
2390 993 2442 1048 id
2468 1001 2552 1048 est
2586 1009 2706 1048 cum
2734 990 2968 1060 Christo,
2999 992 3089 1061 qui
3117 1000 3202 1047 est
3239 990 3394 1061 panis
3432 991 3576 1044 vine.
3610 990 3777 1045 Bene-

2198 1082 2330 1136 dixit
2357 1095 2507 1150 ergo,
2536 1091 2587 1136 et
2632 1084 2784 1154 fregit
2820 1098 3000 1153 panes,
3029 1092 3079 1135 et
3106 1080 3246 1135 dedit
3286 1080 3551 1150 discipulis
3590 1082 3698 1133 suis
3724 1091 3782 1134 ut

2197 1181 2446 1244 ponerent
2462 1180 2583 1226 ante
2602 1190 2706 1236 eos,
2725 1181 2776 1227 et
2793 1173 2922 1226 duos
2942 1172 3105 1242 pisces
3127 1171 3299 1225 dirisit
3324 1169 3555 1224 omnibus
3585 1169 3775 1238 (Mart.

2198 1262 2305 1333 tv);
2330 1269 2385 1317 et
2403 1263 2558 1332 panis
2579 1263 2907 1317 incrementa
2932 1260 3243 1326 succedunt,
3264 1260 3550 1330 piscesque
3576 1260 3781 1329 pariter

2199 1354 2634 1425 multiplicantur,
2665 1353 2948 1410 dulcedine
2982 1368 3263 1408 munerum
3299 1352 3499 1407 Christi
3536 1361 3780 1408 saturan-

2199 1451 2289 1499 tur
2314 1444 2555 1515 quinque
2577 1443 2743 1499 millia
2769 1444 3028 1498 virorum.
3057 1442 3126 1496 Et
3152 1442 3409 1511 colligunt
3435 1441 3615 1498 adhuc
3639 1442 3780 1511 frag-

2194 1542 2507 1589 mentorum
2536 1532 2818 1587 duodecim
2846 1530 3108 1602 ecpbinos
3150 1531 3372 1601 plenos;
3404 1530 3499 1586 sed
3530 1532 3618 1586 isti
3643 1530 3782 1586 duo-

2202 1624 2376 1680 decim
2404 1622 2621 1693 cophini
2648 1619 2933 1676 duodecim
2953 1619 3334 1690 discipulorum
3361 1619 3647 1675 candidam
3667 1619 3783 1690 ple-

2132 1715 2179 1775 Β
2205 1714 2499 1770 nitudinem
2526 1718 2860 1777 monstrant;
2890 1709 3340 1780 quemadmodum
3368 1710 3498 1765 etin
3526 1711 3634 1764 alio
3662 1710 3784 1765 loco

2202 1815 2409 1875 septem
2434 1813 2632 1874 sporta
2672 1803 2843 1874 plenae
2868 1803 3112 1869 sublatae,
3143 1800 3502 1872 septiformes,
3530 1800 3785 1856 Ecclesiae

2203 1895 2489 1965 imaginem
2512 1894 2887 1949 ostendebant.
2920 1891 3060 1947 Sunt
3086 1892 3227 1947 enim
3256 1901 3466 1960 septem
3493 1889 3635 1947 dona
3659 1889 3784 1959 Spi-

2202 1989 2337 2043 ritus
2362 1987 2556 2053 sancti,
2587 1987 2781 2055 quibus
2803 1984 3305 2041 Ecdesbmitur
3346 1990 3402 2037 et
3429 1982 3781 2035 instauratur.

2202 2082 2560 2136 Numerantur
2603 2079 2672 2134 ab
2718 2076 2981 2148 Apostolo
3022 2075 3079 2148 (Ι
3106 2075 3228 2130 Cor.
3259 2075 3375 2142 xu).
3409 2073 3523 2128 Hoc
3557 2072 3781 2136 donum,

2204 2174 2344 2228 hanc
2383 2171 2750 2227 haereditatem
2787 2169 3033 2224 Christus
3070 2168 3274 2239 populo
3317 2182 3419 2222 suo
3447 2165 3691 2227 doriavit,
3726 2173 3787 2218 ut

2201 2279 2418 2334 semper
2436 2262 2528 2333 qui
2547 2277 2670 2319 eum
2690 2261 2938 2332 sequitur
2953 2260 3110 2316 bonis
3133 2259 3439 2316 cmlestibus
3465 2257 3534 2313 dc
3554 2258 3674 2327 ejus
3693 2271 3787 2311 co-

2201 2357 2305 2427 piis
2334 2363 2628 2411 saturetur.
2662 2353 2852 2407 Amen.

2350 2444 2414 2499 V.
2439 2443 2571 2498 Item
2596 2443 2658 2496 de
2684 2443 2900 2497 lectione
2926 2441 3220 2511 evangelica
3242 2438 3438 2493 Matth.
3459 2454 3533 2501 ix,
3558 2437 3644 2491 l8.

2273 2536 2376 2592 Ubi
2396 2537 2545 2591 venit
2580 2535 2794 2605 quidam
2834 2534 3106 2604 princeps,
3145 2540 3201 2587 et
3236 2530 3481 2585 adoravit
3509 2528 3796 2584 Dominum

2201 2632 2417 2687 dicens:
2447 2629 2685 2692 Domine,
2708 2628 2820 2697 ﬁlia
2838 2643 2955 2681 mea
2982 2626 3133 2680 modo
3157 2624 3397 2695 defmtcta
3417 2632 3494 2676 est
3509 2638 3526 2685 ;
3542 2620 3637 2675 sed
3654 2620 3789 2685 aeni,

2203 2723 2414 2791 impone
2444 2735 2653 2773 manum
2682 2726 2821 2771 tuam
2862 2733 3015 2787 super
3039 2732 3182 2781 eam,
3210 2724 3259 2769 et
3285 2715 3430 2768 vivet.
3473 2706 3544 2766 Et
3579 2727 3795 2782 surgens

2201 2813 2454 2869 Dominus
2497 2809 2799 2881 sequebatur
2837 2823 2984 2875 eunt,
3030 2815 3086 2883 et
3124 2813 3320 2861 cratera
3397 2844 3412 2858 .
3488 2843 3503 2857 .
3584 2841 3600 2857 .
3680 2840 3695 2855 .
3774 2822 3794 2839 -

2206 2995 2427 3054 fratres.
2461 2996 2685 3051 Dicebat
2716 2994 2861 3049 enim
2888 2995 3030 3050 intra
3075 3006 3136 3046 se
3184 3008 3198 3045 :
3242 2988 3383 3045 Misit
3414 2989 3556 3044 Deus
3599 2986 3798 3042 Filium

525 3090 682 3145 cebat
708 3085 988 3157 propheta,
1005 3090 1197 3152 quanta
1220 3079 1530 3150 malignatus
1551 3086 1627 3133 est
1646 3076 1888 3130 inimicus
1905 3075 1959 3129 in
1986 3090 2104 3128 san-

2208 3106 2382 3156 suum,
2415 3097 2469 3144 et
2512 3087 2691 3143 omnia
2736 3084 2883 3141 dedit
2927 3085 2982 3139 in
3010 3086 3172 3138 man‘u
3199 3082 3352 3153 ejus;
3385 3080 3616 3152 ideoque
3641 3078 3798 3136 dice—

500 3180 621 3234 -ctis
647 3178 755 3233 suis
780 3173 952 3248 (Psal.
975 3170 1184 3240 Lxxm).
1210 3168 1265 3222 In
1288 3167 1536 3225 convivio
1563 3174 1742 3222 autem
1770 3164 1990 3234 jubetur
2017 3179 2103 3221 oc—

502 3268 655 3324 «cidi.
685 3265 822 3333 Quid
869 3279 978 3319 non
1025 3260 1274 3316 mortalia
1319 3266 1537 3329 pectora
1583 3265 1784 3327 cogunt
1830 3256 2102 3311 luxuriosa

505 3333 805 3413 convivia?
830 3352 967 3420 Quid
999 3367 1105 3406 non
1138 3349 1453 3405 temerarios
1494 3348 1704 3401 animos
1732 3344 1908 3402 facere
1951 3361 2103 3401 com-

528 3436 733 3520 pellunt
776 3444 1073 3501 tumnlenta
1103 3438 1365 3494 ludibria?
1391 3436 1436 3491 Ο
1462 3436 1665 3491 scelus!
1697 3436 1842 3493 inter
1883 3434 2102 3491 effusio-

528 3554 653 3597 nem
680 3537 789 3592 vini
817 3532 1090 3603 sanguinis
1114 3531 1243 3600 justi
1266 3528 1453 3584 effusio
1475 3528 1761 3596 flagitator.
1789 3525 1983 3582 Parum
2007 3525 2106 3580 fuit

526 3620 772 3683 nefanda:
799 3622 1002 3679 libidini
1032 3617 1175 3690 quod
1204 3618 1411 3673 luxuria
1441 3626 1586 3671 tanta
1611 3617 1662 3670 in
1685 3616 1933 3672 convivio
1952 3629 2105 3685 gere-

532 3724 687 3776 batur
718 3737 730 3772 :
775 3716 1035 3773 occiditur
1062 3713 1224 3768 homo
1266 3718 1503 3766 sanctus.
1536 3707 1750 3763 Lasciva
1782 3708 1957 3778 puella
2000 3708 2104 3762 sal-

530 3809 696 3865 tando
724 3807 895 3862 illexit
922 3803 1148 3859 Herodis
1173 3801 1321 3872 impii
1350 3809 1605 3855 mentem.
1642 3799 1909 3854 Didicerat
1936 3799 2109 3869 impu-

532 3900 768 3956 dicitiam
815 3896 882 3951 ab
912 3895 1072 3964 impia
1102 3901 1274 3947 matre
1303 3891 1514 3946 sectari.
1549 3889 1756 3944 Placuit
1786 3889 1907 3944 talis
1934 3888 2105 3944 liero-

535 3992 607 4055 di,
641 3989 723 4043 cui
755 3986 920 4054 magis
957 3984 1128 4055 possit
1166 3982 1375 4039 luxuria
1404 3995 1564 4049 quam
1596 3979 1839 4035 adultam
1867 3978 2108 4048 compla-

536 4097 678 4139 ccre.
711 4077 916 4133 Invenit
938 4085 1106 4131 artem
1137 4073 1380 4129 diabolus
1408 4088 1511 4142 qua
1542 4071 1811 4126 hominem
1839 4070 1934 4125 Dei
1962 4069 2107 4125 occi-

537 4178 707 4240 deret,
736 4181 794 4228 ut
820 4178 1163 4229 accusantem
1186 4168 1450 4223 luxuriam
1472 4166 1539 4221 ab
1567 4167 1680 4236 ipsa
1710 4164 1918 4220 luxuria
1949 4163 2110 4220 truci-

537 4268 708 4321 daret.
744 4263 849 4320 Sed
879 4263 1051 4319 nescit
1079 4259 1264 4315 infelix
1291 4258 1416 4328 quia
1442 4258 1668 4328 pretiosa
1703 4265 1777 4311 est
1800 4256 1859 4309 in
1900 4271 2112 4325 conspe-

538 4366 619 4412 ctu
640 4352 851 4410 Domini
873 4367 1007 4407 mors
1028 4359 1322 4406 sanctorum
1341 4348 1448 4418 ejus
1473 4344 1642 4417 (Psal.
1659 4344 1802 4416 cxv).
1826 4344 1883 4398 In
1907 4351 2111 4399 tantum

2202 3185 2298 3239 bat
2328 3200 2341 3236 :
2382 3180 2531 3246 Veni,
2565 3182 2769 3248 impone
2795 3192 3003 3231 manum
3032 3183 3174 3229 tuam
3210 3185 3364 3244 super
3389 3189 3525 3237 eam,
3559 3179 3609 3225 et
3636 3172 3790 3225 sit-et.

2204 3276 2330 3330 Vita
2357 3273 2603 3329 Christus
2641 3278 2883 3325 mortuos
2912 3266 3167 3330 vivificat,
3219 3262 3460 3318 infirmos
3497 3269 3677 3325 sanat,
3706 3260 3795 3315 le-

2203 3382 2397 3439 prosos
2425 3364 2663 3427 mundat,
2694 3361 2964 3416 daemones
3009 3357 3173 3427 fugat,
3219 3355 3544 3427 paralyticos
3589 3351 3791 3416 ﬁrmat,

2205 3456 2408 3514 claudis
2431 3468 2668 3524 gressum
2690 3452 2871 3517 donat,
2896 3463 3068 3505 caecos
3092 3446 3372 3511 illuminat,
3402 3454 3457 3499 et
3483 3443 3655 3499 multa
3683 3443 3793 3496 mi-

2205 3546 2393 3602 rabilia
2441 3544 2599 3613 gerit.
2631 3542 2891 3596 Defuncta
2935 3538 3110 3593 fuerat
3145 3536 3341 3607 puclla,
3373 3542 3427 3588 et
3455 3533 3522 3587 ad
3557 3533 3795 3587 infernas

2206 3638 2363 3695 sedes
2379 3634 2488 3705 jam
2513 3633 2730 3703 jamque
2753 3631 3096 3699 migraverat.
3120 3625 3321 3681 Videtis
3341 3639 3474 3679 vero
3499 3622 3619 3693 pius
3638 3620 3795 3692 puel-

2206 3730 2271 3784 la:
2300 3734 2450 3799 pater
2465 3732 2614 3781 artus
2641 3736 2958 3791 exsangues,
2983 3727 3168 3775 contra
3196 3716 3384 3772 mortis
3409 3713 3711 3786 perniciem
3735 3721 3795 3767 et

2209 3820 2470 3890 rapinam,
2519 3813 2883 3871 defensionem
2932 3809 3144 3866 Domini
3187 3807 3388 3863 Christi
3433 3804 3676 3872 rogabat.
3720 3799 3796 3856 At

2208 3926 2339 3967 vero
2368 3904 2815 3964 clementissimus
2848 3901 3106 3957 Dominus
3131 3897 3449 3969 postulantis
3483 3894 3792 3963 suggestio-

2212 4014 2333 4055 nem
2364 3998 2590 4053 libenter
2627 3993 2852 4049 audivit.
2909 3989 2972 4044 Et
3019 4005 3255 4059 surgens,
3301 3986 3607 4058 sequebatur
3653 4000 3788 4037 eunt.

2210 4092 2447 4160 Surgens
2476 4088 2582 4153 ait;
2609 4100 2739 4155 ergo
2767 4083 2926 4155 paulo
2957 4089 3084 4135 ante
3122 4079 3343 4135 sedebat
3383 4083 3706 4146 exspectans
3743 4072 3793 4128 si

2212 4183 2332 4253 quis
2354 4180 2563 4237 veniret
2585 4175 2844 4233 beneficia
2873 4172 3163 4244 postulare.
3199 4169 3451 4240 Surgens,
3490 4164 3795 4236 sequebatur

2212 4252 2344 4328 eum.
2371 4268 2682 4326 Festinabat
2709 4274 2861 4337 pater
2885 4278 2982 4332 pro
3011 4275 3116 4316 una
3138 4258 3272 4325 lilia;
3298 4256 3585 4313 festinabat
3612 4266 3668 4309 et
3687 4252 3796 4309 Do-

2212 4360 2389 4415 minus
2416 4373 2515 4428 pro
2543 4370 2646 4410 una
2667 4353 2888 4414 ancilla,
2917 4350 3036 4421 plus
3064 4363 3248 4403 curam
3276 4360 3466 4416 gerens
3492 4359 3592 4414 pro
3619 4341 3797 4415 omni.

538 4447 774 4518 pretiosa
799 4451 901 4507 est,
944 4448 1003 4495 ut
1030 4441 1193 4495 vitam
1229 4447 1482 4492 aeternam
1510 4436 1791 4491 moriendo
1821 4435 2105 4505 possideat.

2214 4452 2314 4507 bus
2340 4465 2499 4519 quam
2527 4446 2890 4517 unusquisque
2928 4457 3026 4512 pro
3053 4440 3183 4495 suis.
3217 4438 3354 4493 Ecce
3383 4444 3562 4491 autem
3589 4435 3642 4488 in
3676 4442 3792 4488 tur-

541 4539 774 4593 Audiens
801 4547 931 4589 vero
968 4529 1225 4584 Dominus
1245 4526 1313 4582 de
1352 4525 1575 4590 Joanne,
1608 4525 1739 4580 abiit
1766 4527 1817 4580 in
1846 4525 2113 4581 desertum

541 4629 717 4683 locum
753 4640 874 4682 cum
920 4618 1210 4690 discipulis.
1242 4616 1469 4687 Collegit
1497 4616 1564 4670 ad
1605 4632 1665 4671 se
1692 4630 1907 4686 gregem
1937 4633 2112 4684 suum,

544 4734 611 4773 ne
639 4718 745 4788 lupi
772 4713 1070 4771 feritatibns
1088 4716 1438 4774 vexarentur;
1468 4723 1537 4763 nc
1560 4707 1781 4777 justitim
1806 4717 2118 4779 persecutor

546 4808 783 4863 llerades
814 4809 1005 4862 iterum
1034 4818 1170 4875 quos
1214 4799 1467 4872 perderet
1498 4799 1779 4855 inveniret.
1808 4798 2022 4855 Transit
2050 4799 2118 4855 ad

545 4899 834 4966 desertum,
863 4906 921 4952 ut
945 4898 1232 4965 impiorum
1260 4890 1574 4946 societatem
1614 4891 1897 4959 abnueret,
1926 4898 1982 4945 et
2009 4890 2117 4944 vir-

548 4996 718 5042 tutum
772 5004 988 5042 suarum
1051 4983 1311 5040 mirabilia
1363 4982 1776 5037 demonstraret.
1836 4981 2115 5038 Desertum

526 5091 778 5146 namque
828 5076 1119 5131 Ecclesium
1168 5074 1388 5139 indicat,
1435 5086 1554 5141 qua:
1600 5069 1836 5124 nondum
1888 5071 2121 5126 habebat

544 5167 783 5223 culturas
822 5165 1184 5233 apostolorum
1214 5178 1311 5218 nec
1334 5162 1511 5231 fruges
1538 5160 1687 5216 verbi
1713 5160 1898 5226 divini,
1930 5161 2023 5215 sed
2048 5160 2122 5215 iu-

549 5256 690 5314 cnlta
718 5253 889 5310 adhuc
914 5254 1184 5318 vitiorum,
1216 5260 1268 5308 ct
1298 5252 1613 5322 ignorantiae
1634 5251 1872 5309 sentibus
1898 5252 2123 5322 squalle-

550 5350 661 5407 bat.
696 5348 771 5403 De
797 5361 901 5415 qua
931 5345 1128 5401 dictum
1154 5353 1236 5400 est
1269 5363 1281 5397 :
1320 5348 1332 5376 ¹
1365 5343 1586 5411 Laetare,
1618 5362 1815 5400 ei'cmus
1845 5346 2043 5412 sitiens,
2074 5358 2125 5403 et

547 5442 697 5497 multi
724 5440 823 5512 ﬁlii
867 5438 1082 5493 deserta:
1114 5439 1275 5509 magis
1305 5455 1454 5508 quam
1491 5440 1603 5509 ejus
1631 5455 1745 5510 quae
1781 5438 1933 5494 habet
1964 5441 2122 5496 virum

624 5557 640 5588 ι
675 5552 896 5622 Vulgata
926 5549 979 5604 in
1010 5545 1178 5622 Epist.
1210 5546 1277 5601 ad
1304 5545 1487 5622 Galat.
1516 5549 1643 5617 legit
1676 5568 1688 5599 :
1722 5549 1940 5615 Ltetare,
1968 5554 2120 5607 steri-

558 5627 623 5681 lis
645 5641 756 5698 qua!
782 5620 885 5678 non
916 5620 1057 5695 paris
1088 5634 1105 5673 :
1137 5633 1343 5685 erumpe
1370 5627 1418 5671 et
1445 5620 1630 5688 clmna,
1665 5636 1778 5689 qua:
1811 5637 1911 5674 non
1939 5632 2121 5688 partu-

2218 4545 2286 4599 ba
2314 4540 2507 4597 mulier
2542 4536 2783 4608 qumdam
2811 4549 2971 4603 quam
3018 4531 3245 4586 molesta
3275 4526 3555 4584 infirmitas
3599 4525 3797 4596 sepius

2222 4632 2573 4695 convexabat,
2605 4637 2662 4685 et
2689 4625 2977 4698 profluvius
3011 4622 3283 4691 sanguinis
3323 4617 3799 4675 vehementissime

2221 4723 2548 4789 macerabat,
2578 4729 2633 4775 et
2656 4719 2767 4788 jam
2815 4729 2989 4784 neque
3024 4713 3267 4783 corporis
3296 4712 3600 4765 firmitatem
3630 4706 3797 4761 habe.

2223 4824 2334 4879 ret;
2382 4811 2536 4866 fidem
2568 4816 2796 4873 tantum,
2820 4806 3015 4860 lassata
3043 4802 3186 4859 omni
3215 4802 3445 4856 humana
3473 4796 3793 4860 substantia,

2224 4907 2277 4961 in
2299 4902 2462 4959 corde
2483 4899 2764 4961 retinebat,
2785 4896 2947 4969 758
2971 4909 3130 4966 quam
3151 4894 3408 4947 adventus
3430 4887 3643 4944 Domini
3666 4892 3798 4956 puto

2222 4994 2341 5064 ejus
2363 4997 2586 5061 repente
2617 4987 2861 5042 sensibus
2888 4985 3247 5039 intimaverat.
3284 4977 3539 5042 Accessit,
3574 4976 3709 5029 intra
3735 4986 3800 5027 se

2223 5087 2451 5142 dicens:
2485 5081 2545 5137 Si
2590 5081 2801 5151 tetigero
2843 5077 3103 5148 ﬁmbriam
3148 5071 3433 5129 vestimenti
3467 5070 3608 5139 ejus,
3656 5068 3801 5120 sulm

2224 5193 2313 5231 ero
2335 5172 2548 5246 (Matth.
2579 5174 2694 5235 xx).
2727 5169 2869 5223 Intra
2909 5182 2968 5222 se
2993 5168 3096 5222 hoc
3120 5164 3351 5228 dicebat,
3378 5170 3437 5216 ut
3464 5160 3605 5215 intra
3632 5173 3692 5215 se
3719 5156 3800 5212 ci-

2227 5267 2335 5321 tius
2361 5270 2656 5319 sanaretur.
2677 5259 2856 5314 Adfuit
2881 5256 3123 5312 Christus
3147 5253 3425 5333 cogitanti,
3454 5260 3511 5307 et
3537 5249 3717 5306 statim
3745 5247 3801 5302 in

2226 5356 2345 5426 ipso
2374 5352 2594 5407 fimbriae
2621 5358 2763 5405 tactu
2783 5356 3023 5404 sanatur.
3056 5346 3253 5413 Tetigit
3277 5343 3557 5407 fimbriam,
3584 5348 3641 5395 et
3667 5354 3800 5394 con-

2225 5454 2411 5504 secuta
2457 5452 2542 5501 est
2577 5442 2915 5507 medicinam,
2948 5448 3004 5496 et
3030 5438 3253 5497 modica:
3280 5437 3445 5492 vestis
3470 5434 3667 5491 solatio
3694 5446 3803 5486 ma-

2227 5554 2512 5678 ;isb:‘quia
2556 5551 2700 5605 multi
2737 5551 2834 5621 ﬁlii
2884 5552 3120 5617 deserttr,
3156 5547 3321 5619 magis
3347 5561 3497 5617 quam
3537 5544 3647 5615 ejus
3687 5557 3800 5613 quc

2244 5642 2292 5678 ια
2328 5641 2354 5678 e
2405 5640 2583 5678 mum.

2244 5640 2375 5679 ιαυθι
2405 5642 2447 5679 l'l
2455 5640 2562 5677 rum
2571 5662 2583 5675 .
