4138 6196
318 294 434 353 813

1158 293 1245 348 DE
1284 293 1643 350 CAPITULIS
1680 292 2217 349 EVANGEUORUM
2255 293 2757 352 EXPOSITIONES.

3495 298 3597 354 8H

316 424 486 478 gnam
515 407 718 478 reperit
744 407 1052 465 sanitatem.
1082 405 1172 462 Sic
1191 407 1450 463 Dominus
1469 406 1715 463 Christus
1742 419 1921 459 remu-
1948 408 1997 468 Α
2025 419 2123 476 per
2151 419 2339 474 pacem
2370 404 2495 459 ﬁdei
2524 412 2579 458 ct
2606 404 2811 457 timoris
2842 403 2953 465 Dei,
2986 412 3041 459 et
3070 412 3187 458 esto
3216 420 3345 460 sana
3388 423 3417 462 a
3446 408 3604 482 plaga

318 508 547 556 nerator
573 499 808 555 ﬁdelium
828 500 896 556 de
920 500 1099 570 parvis
1120 512 1312 568 magna
1332 498 1597 555 concedit.
1626 497 1790 553 Venit
1815 495 1914 566 igi-

316 600 413 647 tur
440 600 496 646 et
522 591 591 646 ad
620 590 840 646 domum
868 590 1146 661 principis,
1175 591 1305 646 dicit
1332 590 1710 660 plangentibus
1743 606 1756 641 :
1790 585 1915 641 Non

312 693 402 739 est
429 684 603 754 puella
630 693 854 749 mortua,
881 685 974 739 sed
1000 685 1207 739 dormit.
1238 680 1286 738 0
1315 684 1540 740 Domine
1583 682 1731 747 Iesu,
1774 696 1913 751 quo-

315 774 488 829 modo
517 789 624 829 non
655 782 740 828 est
764 774 940 845 puella
966 784 1199 842 mortua,
1223 775 1317 831 sed
1344 774 1563 841 dormit,
1596 776 1650 829 in
1677 788 1783 845 qua
1806 788 1914 827 non

315 874 406 921 est
433 865 656 935 spiritus
682 865 844 921 vitte?
873 864 1022 931 Mihi,
1053 865 1247 934 inquit,
1292 865 1550 920 Dominus
1576 863 1794 927 dormit,
1825 862 1914 933 qui

314 957 600 1015 suscitabo
645 972 805 1024 eam;
855 958 1298 1028 apprehensaque
1326 956 1443 1026 ejus
1487 971 1669 1019 manu,
1719 954 1911 1010 levavit

312 1063 468 1117 eam,
499 1056 556 1103 et
581 1048 887 1119 splendoris
928 1049 1011 1104 sui
1038 1049 1160 1105 luce
1188 1049 1478 1104 restituens
1514 1048 1786 1102 viventem
1814 1046 1919 1115 piis

315 1139 642 1209 parentibus
670 1139 723 1193 in
749 1148 1047 1209 conspectu
1074 1140 1315 1195 onmium
1356 1137 1773 1195 commendavit.
1800 1136 1914 1206 Ipse

314 1240 407 1285 est
430 1231 522 1299 qui
551 1229 793 1284 omnium
817 1230 1019 1299 pariter
1049 1231 1508 1286 resurrectionem
1536 1228 1775 1285 facturus
1797 1234 1911 1283 est:

256 1352 261 1357 -
318 1323 430 1392 ipsi
457 1322 625 1390 gloria
658 1321 713 1376 in
738 1321 951 1377 sazcula.
985 1321 1174 1376 Amen.

329 1431 435 1487 ΥΙ.
480 1432 613 1487 Item
654 1433 718 1486 de
756 1433 973 1487 lectione
1010 1435 1180 1487 sancti
1215 1432 1490 1503 Evangelii
1531 1431 1618 1486 ubi
1654 1430 1847 1503 mulier
1885 1446 1917 1482 a

480 1505 733 1573 proﬂuvio
762 1504 1030 1575 sanguinis
1060 1512 1288 1569 curatur,
1322 1502 1508 1556 Matth.
1542 1519 1615 1567 ut,
1644 1502 1736 1555 ‘20.

376 1595 489 1655 ,Ait
511 1594 769 1655 Dominus
795 1603 851 1648 et
875 1594 1126 1649 Salvator
1152 1603 1338 1650 noster
1358 1594 1621 1660 Christus,
1647 1595 1797 1664 cujus
1818 1595 1917 1651 ho-

318 1684 416 1739 die
445 1685 710 1740 mirabilia
740 1700 905 1755 opera
934 1684 1234 1740 audivimus
1263 1685 1317 1739 in
1356 1693 1546 1741 sancto
1576 1684 1867 1754 Evangelio
1901 1702 1912 1738 :

2018 505 2129 550 tua.
2162 495 2382 565 Plagam
2412 496 2466 549 in
2497 509 2554 550 se
2581 494 2813 549 habebat
2841 503 3188 565 peccatorum
3216 498 3391 553 omnis
3418 499 3601 566 homo,

2014 603 2125 642 non
2146 588 2322 643 solum
2344 602 2412 643 ex
2433 585 2648 651 Iudaeis,
2672 585 2766 641 sed
2787 595 2842 641 et
2857 602 2922 641 ex
2941 588 3217 656 gentibus;
3245 587 3311 645 ad
3330 590 3602 648 Christum

2016 679 2241 734 veniens
2268 677 2336 732 ab
2366 678 2482 748 ipso
2511 677 2782 744 salvatur;
2831 693 2930 749 per
2957 677 3117 735 ﬁdem
3160 688 3216 736 et
3243 682 3358 752 ejus
3384 684 3607 741 benedi-

2019 770 2215 825 ctionis
2244 770 2443 825 auxilio
2472 770 2835 825 communitur
2865 789 2879 824 :
2914 771 3013 842 ipsi
3038 772 3207 841 gloria
3236 783 3294 831 et
3319 776 3603 850 imperium

2015 864 2073 919 in
2104 863 2318 920 sascuia.
2343 862 2535 917 Amen.

2136 979 2140 982 ’
2172 995 2304 1051 VII.
2341 994 2477 1051 Item
2503 995 2567 1051 de
2592 1006 2773 1051 sancto
2796 994 3079 1069 Evangelia
3104 998 3231 1055 Luc.
3263 1017 3336 1069 XI,
3368 1001 3469 1059 27.

2089 1132 2227 1187 Cum
2256 1132 2457 1189 diceret
2486 1134 2744 1190 Dominus
2774 1135 2841 1189 ad
2882 1136 3084 1203 turbas,
3116 1146 3170 1193 et
3198 1140 3359 1194 verba
3389 1141 3609 1212 pietatis

2020 1232 2181 1295 atque
2216 1226 2403 1280 salutis
2432 1234 2751 1281 cunctorum
2779 1227 3089 1297 pectoribus
3117 1230 3427 1298 seminaret,
3458 1248 3607 1300 qua:-

2019 1315 2145 1370 dam
2185 1316 2380 1369 mulier
2416 1316 2484 1371 de
2524 1316 2681 1371 turba
2728 1317 3051 1372 exclamavit
3098 1318 3164 1373 ad
3191 1335 3313 1374 cum
3342 1328 3397 1376 et
3425 1323 3559 1377 dixit
3594 1342 3606 1376 :

2022 1404 2212 1460 Beatus
2240 1416 2415 1461 center
2435 1408 2519 1477 qui
2550 1416 2598 1460 te
2617 1409 2862 1478 portavit,
2886 1417 2935 1462 et
2956 1410 3114 1463 ubera
3138 1427 3254 1481 qua:
3280 1413 3487 1466 suasisti.
3512 1412 3610 1468 Cui

2019 1493 2280 1550 Dominus
2306 1495 2381 1549 ait
2413 1513 2426 1548 :
2458 1494 2605 1549 Beati
2633 1497 2719 1568 qui
2740 1497 2957 1551 audiunt
2988 1497 3191 1553 verbum
3220 1500 3337 1563 Dei,
3362 1511 3411 1555 et
3436 1510 3611 1556 custo-

2021 1587 2189 1642 dium.

2095 1678 2305 1744 Beatus,
2333 1678 2530 1749 inquit,
2560 1689 2735 1733 venter
2761 1680 2846 1751 qui
2882 1691 2927 1734 te
2954 1685 3196 1751 portarit,
3225 1691 3273 1737 et
3307 1686 3465 1737 ubera
3498 1700 3613 1757 qua

322 1774 444 1847 Ego
460 1793 575 1830 sum
598 1778 698 1840 via,
719 1784 769 1830 et
789 1777 995 1840 veritas,
1021 1785 1070 1830 et
1094 1778 1227 1841 cita;
1259 1792 1407 1830 nemo
1431 1778 1563 1830 venit
1584 1776 1653 1829 ad
1681 1776 1916 1841 Patrem,
1955 1760 1997 1818 Β
2024 1771 2231 1824 auxisti.
2257 1769 2384 1826 Haec
2406 1771 2619 1835 mulier,
2643 1770 2858 1840 fratres,
2882 1775 2973 1843 pio
3000 1788 3161 1828 sensu
3181 1783 3472 1841 commota,
3500 1776 3613 1831 lau-

323 1869 433 1922 nisi
460 1883 553 1937 per
574 1883 653 1920 me
681 1864 862 1930 (Joan.
886 1865 1019 1934 xxv).
1044 1865 1373 1921 Accedamus
1394 1879 1525 1933 ergo
1545 1866 1613 1920 ad
1641 1881 1786 1932 eum,
1817 1865 1923 1919 l‘ra-

323 1968 461 2023 tres,
495 1966 553 2013 ut
581 1973 679 2027 per
704 1972 829 2012 eum
860 1965 969 2011 tam
995 1958 1153 2012 beato
1186 1958 1379 2012 itinere
1404 1958 1761 2023 ambulantes,
1792 1972 1920 2027 per-

323 2050 514 2103 venire
542 2049 813 2117 possimus
843 2046 910 2101 ad
939 2045 1178 2102 Patrem.
1209 2046 1545 2103 Aceedamus
1573 2047 1641 2101 ad
1668 2058 1813 2112 eum,
1845 2047 1921 2101 si-

322 2152 423 2200 cut
451 2144 552 2198 ista
583 2141 776 2197 mulier
796 2140 957 2195 hodie
978 2139 1210 2195 accessit
1240 2140 1487 2205 ﬁdeliter,
1518 2148 1574 2195 et
1602 2138 1704 2193 ﬁde
1734 2148 1923 2206 tanga-

323 2254 468 2292 mus.
502 2235 571 2291 Et
596 2236 723 2290 licet
761 2247 978 2303 semper
1005 2233 1061 2289 in
1099 2233 1271 2288 turbis
1298 2232 1370 2288 sit
1414 2232 1622 2304 positus
1664 2231 1924 2286 Dominus

320 2326 506 2392 Iesus,
537 2333 594 2381 et
640 2339 830 2381 omnes
872 2323 1017 2379 circa
1058 2338 1182 2378 eum
1230 2339 1340 2378 non
1369 2323 1543 2378 solum
1590 2321 1822 2392 apostoli
1868 2329 1925 2376 et

320 2418 630 2489 prophette,
653 2414 749 2470 sed
766 2423 822 2470 et
841 2421 1124 2485 martyres,
1150 2421 1206 2469 et
1220 2413 1349 2484 justi
1373 2427 1581 2478 omnes,
1608 2411 1923 2480 angelorum

318 2522 549 2580 quoque
576 2507 924 2576 omniumque
962 2504 1266 2561 caelestium
1297 2504 1552 2559 virtutum
1592 2503 1749 2557 turba
1791 2516 1925 2557 con-

318 2601 520 2665 sistat;
552 2607 731 2654 tamen
758 2599 804 2653 si
832 2596 1099 2653 ﬁmbriam
1128 2596 1434 2652 vestimenti
1473 2595 1590 2665 ejus
1619 2604 1921 2664 tangamus,

320 2702 393 2748 et
421 2708 519 2763 per
546 2692 719 2763 ipsum
747 2690 1138 2758 indumentum,
1172 2689 1224 2744 id
1253 2697 1338 2745 est
1375 2704 1476 2759 per
1514 2688 1761 2744 velamen
1803 2701 1926 2743 cor-

325 2786 485 2858 poris
557 2824 573 2838 .
654 2823 668 2837 .
745 2822 759 2836 .
840 2824 855 2837 .
933 2823 948 2836 .
1027 2823 1042 2837 .
1119 2790 1204 2837 est
1241 2780 1676 2852 propitiatorituu
1718 2821 1732 2833 .
1813 2820 1827 2833 .
1904 2819 1919 2832 .

745 2912 761 2926 .
838 2872 1135 2942 majestatis
1174 2872 1431 2926 auxilium
1480 2871 1812 2935 invocemus,
1845 2877 1927 2923 at-

324 2985 443 3039 que
471 2968 717 3039 supernis
747 2966 862 3036 ejus
906 2966 1220 3020 muneribus
1251 2963 1418 3033 adjuti
1446 2979 1763 3034 operemur;
1812 2970 1925 3018 sta-

2025 1861 2174 1915 davit
2198 1870 2408 1915 uterum
2437 1862 2647 1926 matris,
2679 1862 2917 1918 laudavit
2946 1862 3123 1922 ubera.
3138 1867 3442 1933 genitricis;
3488 1882 3615 1923 vere

2024 1952 2231 2024 Spiritu
2257 1962 2447 2007 sancto
2474 1952 2689 2023 perqua
2720 1955 2915 2011 merito
2944 1955 3157 2011 laudem
3180 1957 3392 2012 Domini
3421 1968 3616 2015 contu-

2026 2045 2088 2099 lit
2108 2046 2285 2110 matri,
2305 2060 2424 2113 quac
2448 2046 2610 2100 talem
2633 2045 2873 2101 ediderat
2891 2055 3124 2118 partum,
3154 2050 3422 2120 talemque
3452 2052 3617 2108 lacta-

2026 2144 2177 2192 verat
2203 2138 2432 2207 prolem.
2480 2136 2580 2191 Cui
2622 2140 2781 2193 matri
2828 2140 2942 2208 ipse
2989 2140 3248 2196 Dominus
3293 2144 3615 2214 praecipuam

2024 2229 2413 2285 beatitudinem
2434 2229 2489 2284 in
2513 2230 2618 2285 hoc
2638 2230 2878 2301 profecto
2896 2232 3221 2301 contulerat,
3242 2236 3383 2304 quod
3402 2245 3615 2292 uterum

2023 2320 2144 2389 ejus
2172 2319 2445 2390 majestati
2466 2336 2603 2386 sum,
2633 2322 2785 2391 quasi
2815 2321 3035 2378 domum
3060 2325 3349 2394 quamdam
3378 2327 3613 2397 regalem

2024 2410 2283 2479 elegerat,
2307 2411 2362 2466 in
2385 2426 2492 2482 qua
2515 2412 2628 2483 ipse
2649 2411 2768 2467 Rex
2789 2412 3029 2469 scelestis
3056 2414 3425 2472 descenderet.
3452 2417 3618 2476 Beata

2025 2503 2158 2557 satis
2185 2510 2241 2559 et
2260 2504 2512 2573 multtun,
2533 2505 2802 2576 beataque
2825 2514 3000 2562 mater
3021 2506 3232 2562 Domini
3253 2523 3375 2565 esse
3398 2515 3614 2575 meruit,

2026 2603 2084 2651 et
2120 2611 2187 2651 ex
2228 2596 2422 2652 ancilla
2470 2607 2745 2670 assumpta
2794 2608 3097 2655 maternum
3142 2618 3342 2657 nomen
3386 2605 3614 2674 accepit.

2028 2688 2170 2759 Ergo
2200 2688 2396 2755 beatus,
2430 2689 2624 2760 inquit,
2655 2699 2829 2745 venter
2867 2693 2953 2763 qui
2998 2700 3048 2746 te
3087 2695 3330 2763 portarit,
3367 2703 3418 2748 et
3464 2693 3619 2751 ubera

2025 2799 2143 2855 quae
2161 2785 2369 2839 auxisti.
2394 2782 2592 2838 Beatus
2610 2792 2800 2840 venter
2819 2784 2909 2856 qui
2938 2783 3200 2841 artiﬁcem
3225 2786 3407 2841 mundi
3435 2796 3618 2858 porta-

2028 2874 2125 2939 vit,
2158 2875 2316 2929 beata
2348 2874 2517 2929 ubera
2546 2888 2666 2944 qua:
2703 2874 2887 2929 mundi
2928 2875 3215 2932 Dominum
3261 2876 3616 2933 lactaverunt.

2031 2966 2192 3038 760
2220 2965 2284 3020 Et
2305 2966 2565 3022 Dominus
2591 2984 2602 3019 :
2630 2965 2800 3035 Beati,
2817 2968 2909 3031 ait,
2926 2969 3014 3039 qui
3039 2968 3258 3022 audiunt
3280 2968 3482 3024 verbum
3509 2969 3620 3037 Dei,

332 3063 439 3117 tim
480 3064 664 3125 etiam,
696 3068 752 3114 et
790 3075 859 3115 ex
890 3065 1072 3114 nostra
1104 3056 1419 3112 inﬁrmitate
1446 3056 1789 3121 salvabimur,
1827 3068 1928 3109 nec
1975 3125 1988 3126 γ
2030 3068 2078 3112 et
2098 3058 2412 3114 custodiunt.
2432 3056 2533 3125 Qui
2558 3059 2781 3114 verbum
2802 3058 2897 3114 Dei
2912 3058 3156 3126 audiunt,
3177 3059 3230 3114 id
3252 3068 3333 3115 est
3353 3060 3623 3116 Christum

332 3169 442 3210 nos
470 3154 607 3207 ultra
634 3152 909 3222 sanguinis
937 3148 1098 3218 unda,
1132 3149 1184 3205 id
1213 3157 1295 3205 est
1324 3148 1621 3204 carnalium
1668 3148 1924 3201 vitiortun
1956 3125 2001 3187 C
2033 3152 2127 3206 Dei
2156 3152 2422 3216 Verbum;
2454 3159 2511 3206 et
2540 3152 2870 3218 custodiunt,
2903 3152 3007 3207 hoc
3028 3160 3117 3207 est
3155 3160 3481 3223 praeceptum
3511 3152 3624 3220 ejus

336 3244 644 3317 periculosa
676 3250 966 3313 tempestas
995 3240 1227 3297 occidet.
1260 3238 1410 3294 Fecit
1439 3239 1543 3293 hoc
1588 3236 1784 3291 mulier
1827 3236 1928 3291 ista

336 3335 536 3401 ﬁdelis,
552 3334 619 3389 de
638 3348 743 3403 qua
762 3333 920 3403 paulo
942 3343 1067 3387 ante
1087 3331 1273 3387 retulit
1286 3336 1531 3385 sanctum
1549 3327 1892 3397 Evangelium
1911 3344 1924 3378 :

328 3435 402 3481 et
426 3425 827 3481 consideremus
855 3424 985 3493 quid
1012 3423 1257 3492 designet
1284 3422 1442 3493 hujus
1470 3435 1702 3491 persona
1737 3419 1928 3474 mulie-

316 3517 441 3573 ris.
476 3515 598 3571 Haec
641 3516 852 3582 mulier,
888 3522 947 3568 ut
983 3514 1113 3568 mihi
1152 3514 1381 3577 videtur,
1429 3512 1593 3567 totius
1633 3510 1933 3580 fragilitatis

316 3606 596 3660 humana:
628 3604 850 3675 ﬁguram
881 3605 934 3659 in
963 3604 1254 3674 semetipsa
1283 3604 1634 3666 monstrabat,
1666 3616 1786 3671 quae
1806 3608 1935 3656 ante

336 3698 405 3752 in
433 3698 612 3753 carnis
632 3697 917 3751 vexatione
943 3698 1138 3767 posita,
1166 3696 1221 3751 id
1243 3704 1325 3751 est
1347 3696 1398 3750 in
1422 3696 1564 3750 vitiis
1586 3704 1933 3765 peccatorum

332 3789 661 3853 constituta,
704 3804 811 3842 non
859 3788 1017 3842 aliter
1043 3787 1220 3842 curari
1249 3794 1482 3857 poterat,
1515 3787 1616 3841 nisi
1646 3802 1681 3839 ε
1721 3785 1935 3840 Christo

340 3880 587 3936 remedia
610 3882 956 3953 percepisset.
974 3880 1071 3935 Vel
1094 3881 1286 3935 iterum
1308 3882 1604 3951 Synagogze
1631 3880 1683 3933 in
1714 3894 1771 3934 se
1800 3880 1931 3932 ima-

341 3974 528 4043 ginem
556 3973 910 4035 monstrabat,
941 3987 1060 4042 qtae
1088 3972 1141 4026 in
1170 3972 1427 4040 sanguine
1470 3972 1631 4043 759
1667 3971 1938 4024 membro-

346 4080 472 4119 rum
517 4079 758 4130 suorum,
812 4063 865 4117 id
906 4073 990 4118 est
1038 4060 1267 4117 ﬁliorum
1317 4061 1723 4116 circumcisione
1766 4060 1937 4113 multo

342 4166 598 4228 ternpore
644 4157 941 4211 laborabat.
995 4154 1323 4223 Erogaverat
1361 4152 1576 4221 quidem
1604 4153 1758 4221 plura
1787 4153 1940 4221 quasi

348 4249 406 4302 in
437 4248 679 4309 medicis,
708 4248 813 4301 hoc
841 4255 923 4301 est
952 4247 1003 4301 in
1044 4246 1235 4300 scribis
1281 4251 1336 4299 et
1375 4242 1676 4309 Phariszeis,
1710 4258 1939 4313 quorum

347 4339 488 4395 falsa
530 4348 585 4394 et
622 4339 800 4394 inania
839 4338 1098 4394 doctrina:
1145 4336 1358 4407 eloquia
1398 4336 1706 4407 expetebat,
1742 4344 1796 4391 et
1823 4336 1942 4406 plus

2032 3241 2359 3299 custodiunt.
2380 3242 2615 3299 Verbum
2656 3242 2752 3296 Dei
2774 3242 3018 3298 Christus
3039 3252 3123 3297 est
3150 3243 3428 3310 Dominus,
3450 3245 3541 3316 qui
3569 3247 3624 3300 in

2032 3333 2286 3404 principio
2316 3341 2428 3386 erat
2470 3331 2713 3395 Verbum,
2753 3340 2804 3385 et
2838 3329 3063 3385 Verbum
3109 3340 3222 3385 erat
3262 3333 3404 3403 apud
3433 3333 3623 3399 Deum,

2028 3433 2082 3480 et
2104 3424 2244 3479 Deus
2264 3432 2380 3479 erat
2411 3423 2629 3479 Verbum
2654 3422 2832 3495 (Joan.
2857 3424 2919 3494 ι).
2946 3421 3088 3491 Ergo
3109 3423 3255 3478 beati
3282 3424 3374 3493 qui
3403 3425 3626 3479 audiunt

2034 3519 2259 3575 verbum
2286 3517 2403 3583 Dei,
2430 3525 2485 3572 et
2512 3516 2841 3580 custodiunt,
2869 3515 2919 3569 id
2941 3524 3025 3570 est
3050 3514 3133 3570 vel
3156 3524 3481 3585 prteccptum
3503 3515 3620 3583 Dei,

2035 3619 2089 3667 et
2116 3620 2274 3667 cauta
2304 3610 2684 3666 observatione
2712 3608 3042 3664 custodiunt.
3072 3606 3292 3662 Summa
3324 3616 3485 3677 atque
3505 3620 3628 3675 pcr-

2035 3702 2175 3759 fecta
2201 3701 2479 3758 beatitudo
2510 3702 2563 3755 in
2589 3701 2694 3755 hoc
2720 3700 2990 3770 praecipue
3020 3699 3258 3770 ponitur,
3290 3698 3337 3753 si
3365 3699 3510 3767 quod
3538 3699 3625 3754 di-

2036 3796 2176 3850 citur
2196 3794 2505 3865 impleatur.
2531 3790 2679 3846 Beati
2708 3793 2793 3863 qui
2822 3791 3040 3845 audiunt
3070 3789 3272 3845 rerbum
3302 3789 3422 3858 Dei,
3445 3800 3495 3843 et
3534 3807 3624 3843 cu-

2036 3890 2270 3943 stodiunt
2288 3905 2306 3953 ;
2337 3888 2463 3956 quia
2495 3886 2836 3941 audientibus
2864 3884 3082 3939 auribus
3112 3892 3226 3939 toto
3260 3884 3423 3940 corde
3463 3884 3627 3941 verba

2038 3981 2219 4035 divina
2238 3986 2585 4042 conservant,
2609 3987 2990 4046 gestorumque
3012 3975 3269 4048 pperibus
3293 3989 3325 4028 a
3355 3990 3413 4030 se
3442 3975 3631 4045 imple-

2038 4081 2153 4126 tum
2183 4086 2302 4125 esse
2330 4070 2695 4133 manifestam,
2727 4066 2871 4135 quod
2916 4065 3229 4136 praedicatio
3266 4065 3447 4120 divina
3490 4080 3632 4134 saepe

2041 4164 2409 4219 mandaverat.
2444 4161 2589 4214 Beati
2619 4161 2703 4231 qui
2733 4159 2952 4211 audiunt
2980 4160 3186 4211 verbum
3223 4157 3342 4221 Dei,
3378 4167 3427 4211 et
3456 4167 3630 4212 custo-

2043 4255 2190 4307 diunt
2216 4270 2233 4307 :
2265 4252 2356 4306 ubi
2378 4250 2573 4307 dicitur
2603 4266 2617 4300 :
2661 4247 2779 4302 Non
2809 4245 3042 4309 occides,
3071 4261 3181 4300 non
3208 4244 3494 4311 furaberis,
3524 4261 3631 4300 non

2045 4343 2366 4399 adulterium
2413 4339 2600 4404 facies,
2631 4346 2822 4392 etnon
2865 4335 3238 4405 concupisces,
3282 4351 3391 4388 non
3439 4336 3629 4388 falsum

348 4432 526 4500 magis
556 4431 677 4485 inde
706 4430 1093 4485 inﬁrmabatur.
1130 4430 1487 4499 Posteaquam
1512 4427 1783 4484 Christum
1812 4429 1944 4484 vidit
2046 4434 2412 4491 testimonium
2461 4431 2630 4495 dices,
2674 4444 2781 4483 non
2828 4426 3129 4499 pejerahis;
3175 4425 3379 4480 honora
3417 4433 3630 4497 patrem

346 4524 690 4579 Salvatorcm
719 4523 969 4590 gentibus
997 4522 1300 4587 advenisse,
1326 4522 1488 4591 elegit
1514 4522 1794 4578 meliorem
1817 4538 1941 4593 par-
1971 4502 2022 4564 Ῑ)
2048 4541 2196 4586 mum
2227 4536 2284 4584 et
2310 4534 2558 4591 matrem,
2584 4534 2636 4580 et
2660 4522 2804 4592 quod
2826 4521 2920 4577 tibi
2950 4537 3058 4577 non
3086 4520 3187 4588 vis,
3218 4519 3373 4575 alteri
3401 4534 3470 4573 ne
3497 4519 3633 4575 fece-

346 4627 487 4681 tem,
520 4623 576 4670 et
599 4615 850 4670 transivit
878 4615 943 4670 ad
975 4615 1150 4681 ﬁdem,
1197 4625 1253 4670 et
1280 4616 1442 4685 empit
1484 4616 1622 4670 intra
1652 4631 1712 4671 se
1739 4617 1940 4685 cogita-

348 4722 435 4773 re,
468 4706 651 4761 dicens
682 4724 695 4759 :
725 4706 784 4761 Si
808 4707 1015 4777 tetigero
1040 4706 1301 4777 ﬁmbriam
1327 4708 1613 4760 uestimenti
1635 4707 1767 4776 ejus,
1798 4709 1941 4762 salua

346 4815 466 4854 ero.
499 4796 566 4851 Et
594 4799 776 4852 statim
807 4799 1031 4853 credens
1075 4798 1241 4853 Deum
1272 4799 1324 4853 in
1354 4814 1584 4868 corpore
1624 4800 1849 4869 accepit,
1882 4798 1943 4852 ﬁ-

348 4890 443 4944 dei
469 4889 668 4945 viribus
689 4890 923 4945 cucurrit
951 4891 1017 4944 ad
1036 4890 1332 4957 Christum,
1358 4901 1410 4945 et
1434 4901 1659 4960 tangens
1682 4891 1945 4947 ﬁmbriam

350 4983 662 5037 vestimenti
704 4983 837 5051 ejus,
872 4982 1237 5051 plenissimum
1267 4982 1335 5036 de
1363 4982 1557 5037 divinis
1589 4983 1821 5038 fontibus
1851 5000 1941 5039 re-

352 5074 593 5129 medium
614 5074 801 5129 salutis
824 5075 1049 5144 accepit.
1074 5073 1136 5129 Et
1165 5075 1286 5129 ideo
1308 5074 1376 5128 ad
1400 5090 1519 5130 eam
1548 5074 1806 5132 Dominus
1831 5078 1904 5130 ait
1928 5095 1939 5129 :

354 5168 372 5198 ‘
399 5166 653 5221 Constans
675 5176 800 5228 esto,
834 5166 968 5236 ﬁlia,
995 5166 1124 5237 ﬁdes
1149 5177 1235 5220 tua
1260 5175 1306 5220 te
1326 5168 1520 5221 salvam
1543 5169 1663 5237 fecit
1692 5185 1708 5221 :
1740 5170 1865 5222 uade
1894 5170 1949 5223 in

353 5274 486 5326 pace
516 5274 533 5310 :
565 5257 617 5311 id
638 5265 721 5311 est
748 5257 963 5311 ambula
985 5273 1171 5312 secura
1204 5258 1255 5312 in
1282 5273 1414 5327 pace
1439 5276 1452 5323 ;
1484 5274 1678 5327 respue
1700 5259 1837 5313 bella
1871 5261 1950 5313 vi-

353 5351 579 5415 tiorum,
604 5364 723 5419 qua:
744 5348 1108 5403 dilacerahant
1126 5350 1361 5403 animam
1385 5357 1550 5415 tuam,
1574 5360 1629 5404 et
1656 5357 1781 5404 tcne
1810 5366 1952 5405 scm-

434 5505 721 5587 ‘LVulgata
748 5504 877 5572 legit
910 5522 924 5558 :
954 5503 1190 5575 Con/ide,
1220 5504 1354 5574 ﬁlia.
1389 5502 1548 5557 Fides
1574 5513 1659 5557 tua
1683 5511 1731 5555 te
1757 5506 1956 5557 saluam

360 5577 540 5701 (“fin
583 5648 804 5703 homilia
849 5646 915 5701 de
946 5644 1207 5700 Paschate
1252 5660 1370 5713 qum
1415 5644 1648 5713 incipit:
1695 5642 1956 5714 Beneﬁcia

354 5716 448 5771 Dei
489 5720 652 5778 nostri
676 5736 792 5779 cum
823 5734 1011 5790 magna
1030 5726 1079 5770 et
1105 5718 1325 5779 miriﬁca
1351 5716 1476 5781 sint,
1495 5723 1623 5780 etc.,
1650 5714 1791 5769 inter
1821 5717 1953 5782 ligu-

2046 4625 2147 4688 ris;
2173 4630 2228 4676 et
2255 4636 2374 4690 quae
2401 4618 2563 4674 vultis
2591 4624 2651 4671 ut
2679 4616 2880 4669 faciant
2906 4613 3061 4668 vobis
3083 4612 3347 4677 homines,
3373 4611 3511 4665 bon'a
3536 4625 3629 4665 ea-

2046 4714 2168 4767 dem
2198 4720 2253 4765 et
2276 4726 2373 4765 vos
2401 4709 2560 4763 facite
2589 4708 2685 4762 eis.
2722 4706 2888 4770 Beati,
2926 4704 3116 4774 inquit,
3152 4705 3237 4774 qui
3271 4703 3487 4755 audiunt
3519 4718 3633 4756 ver-

2044 4805 2164 4856 bum
2208 4800 2347 4869 Dei,
2387 4810 2435 4853 et
2474 4797 2802 4861 custodiunt,
2836 4804 2895 4849 ut
2922 4793 3275 4849 custodiendo
3300 4800 3359 4847 et
3393 4792 3636 4847 faciendo

2045 4891 2326 4963 prmmium
2373 4894 2791 4957 consequantur.
2825 4885 2955 4941 Post
2997 4886 3111 4939 lucc
3138 4885 3387 4948 refertur,
3422 4883 3636 4940 dicente

2048 4986 2277 5040 Domino
2303 5001 2315 5036 :
2350 4980 2627 5037 Generatio
2649 4981 2750 5033 ista
2782 4996 2997 5051 nequam
3018 4979 3223 5049 signum
3251 4978 3457 5051 quaerit,
3485 4987 3534 5031 et
3561 4978 3637 5032 si-

2049 5095 2206 5151 gnum
2228 5094 2331 5130 non
2354 5076 2560 5129 dabitur
2578 5074 2679 5141 illi,
2702 5074 2801 5126 nisi
2822 5073 3027 5142 signum
3046 5069 3198 5125 J0me
3212 5068 3637 5141 proplteta:(Luc.

2053 5182 2153 5238 χι).
2174 5169 2341 5223 Jonas
2371 5169 2469 5221 iste
2498 5165 2763 5237 propheta
2790 5162 3157 5219 sanctissimus
3186 5161 3405 5230 ﬁguram
3436 5161 3639 5231 passio-

2056 5263 2138 5315 nis
2168 5270 2223 5315 et
2266 5257 2679 5314 resurrectionis
2717 5254 2930 5309 Domini
2974 5254 3026 5307 in
3057 5255 3346 5324 semetipso
3376 5254 3638 5322 gestabat.

2054 5355 2075 5385 ²
2103 5353 2269 5407 Istum
2302 5350 2629 5421 praecipitem
2660 5346 2947 5416 aliquando
2976 5354 3153 5400 nautae
3172 5362 3294 5401 cum
3319 5348 3369 5400 in
3399 5345 3532 5399 mari
3557 5343 3642 5412 ja-

2063 5522 2151 5560 ras
2179 5503 2378 5559 Christi
2410 5501 2621 5556 Domini
2653 5502 3105 5555 resurrectionem
3146 5505 3642 5569 prtemonstrantes,

2065 5578 2387 5647 peculiarem
2420 5573 2579 5647 habet
2607 5573 2673 5626 de
2696 5570 2833 5629 Jona
2862 5567 3216 5639 mentionem,
3240 5579 3293 5625 et
3323 5571 3441 5624 aliis
3470 5567 3644 5623 verbis

2065 5642 2252 5702 eadem
2284 5642 2679 5714 complectitur.
