4138 6196
558 247 666 303 815

1773 250 1828 305 S.
1871 250 2112 307 MAle
2147 252 2596 311 TAURINENSIS

3696 247 3878 306 Bl‘

562 364 789 423 οιεὶΐθηῑ,
821 363 1094 423 ευδοονιυε
1122 373 1152 411 a
1180 369 1324 428 ccta,
1346 370 1396 415 et
1419 361 1626 417 limosis
1654 360 1891 417 faucibus
1921 372 2124 431 raptus,
2158 372 2203 426 Α
2236 365 2395 431 Deus,
2423 371 2621 437 gratias
2644 368 2741 421 tibi
2767 383 2866 438 ago
2893 367 3013 439 quia
3041 382 3140 420 non
3172 382 3281 419 sum
3322 364 3452 418 sicut
3486 366 3665 418 terreri
3723 363 3871 416 bo-

561 456 771 519 portam
817 445 971 501 ferini
1004 448 1202 502 ventris
1231 449 1471 514 intravit,
1516 450 1791 521 tribusque
1823 452 2011 508 diebus
2040 454 2129 507 iti-

560 536 787 604 demque
814 534 1059 590 noctibus
1084 538 1264 593 carnei
1293 540 1525 594 carceris
1554 540 1789 597 tenebris
1816 550 2128 611 occupatus,

561 624 882 693 tanden‘iqu‘e
914 626 1147 682 redditus
1177 628 1298 691 luci,
1330 628 1604 697 dominici,
1633 637 1693 683 ut
1735 629 1987 698 diximus,
2018 647 2132 701 my-

559 716 708 770 sterii
739 715 913 771 futura
944 728 1279 773 sacramenta
1308 721 1645 775 monstravit.
1674 720 1789 777 Hoc
1814 721 1990 791 ipsum
2022 722 2132 777 Do-

561 807 736 861 minus
762 820 1208 876 commemorans,
1234 812 1300 866 de
1320 826 1415 865 sua
1437 811 1683 880 passione
1709 819 1765 866 et
1784 812 2135 868 resurrectio-

563 898 2131 966 nesignavit..............

562 987 631 1042 Et
660 990 723 1043 de
751 992 927 1062 regina
956 993 1150 1056 Austri,
1182 1009 1295 1064 qua:
1325 994 1457 1047 venit
1483 994 1663 1048 audire
1692 994 2002 1064 sapientiam
2031 993 2136 1050 Sa-

561 1088 780 1142 lomonis
813 1086 1023 1157 (Ibid.),
1054 1088 1372 1144 erubescant
1396 1087 1564 1144 Judrei
1604 1096 1661 1144 et
1707 1087 2131 1154 confundantur;

562 1178 757 1232 femina
804 1178 1030 1247 requirit
1070 1178 1389 1249 sapientiam
1435 1178 1690 1247 hominis,
1734 1187 1791 1234 et
1838 1178 2029 1234 scriba:
2079 1179 2145 1233 et’

547 1262 813 1322 Thai-ieci
844 1276 1192 1347 contemnunt
1221 1268 1315 1324 Dei
1348 1269 1686 1340 sapientiam.
1710 1268 1803 1324 llla
1823 1270 2133 1339 peregrina-

546 1370 650 1412 ‘tur
685 1366 741 1413 ut
784 1358 953 1414 discat
982 1358 1326 1415 Salomonem
1354 1359 1519 1418 lilium
1547 1359 1751 1428 David;
1782 1360 1867 1416 isti
1896 1374 2133 1430 praesen-

538 1460 670 1503 ‘tem
716 1457 1066 1504 contenmunt
1113 1458 1167 1504 et
1211 1447 1495 1504 Dominum
1540 1449 1843 1506 Salomonis
1885 1459 1942 1505 et
1968 1449 2136 1519 ipsius

562 1539 748 1605 David,
781 1541 899 1610 ipso
936 1537 1113 1595 David
1152 1541 1363 1599 dicente
1396 1560 1408 1595 :
1444 1541 1588 1596 Dixit
1620 1541 1874 1596 Dominus
1909 1541 2135 1597 Domino

564 1645 675 1683 meo
705 1646 722 1682 :
754 1628 890 1684 Sede
925 1647 956 1683 a
997 1630 1193 1685 dextris
1222 1633 1348 1685 meis
1379 1630 1549 1703 (Psal.
1582 1630 1711 1704 cu).
1745 1630 1945 1686 Deinde
1972 1638 2027 1686 et
2067 1630 2135 1685 de

2229 460 2414 521 mines,
2443 469 2693 529 raptores,
2713 458 2912 528 injusti,
2944 457 3183 520 adulteri,
3215 455 3465 523 quomodo
3491 462 3538 506 et
3567 453 3867 523 publica-

2231 564 2328 602 nus
2355 552 2470 612 iste,
2495 557 2599 602 etc.
2649 547 2963 600 Publicanus
2996 555 3167 598 autem
3206 543 3268 596 de
3292 542 3582 612 longinquo
3609 538 3865 604 stabat,

2230 647 2281 693 et
2303 642 2469 710 neque
2490 639 2665 692 oculos
2708 638 2905 693 volebat
2951 636 3021 689 ad
3063 636 3244 689 ctutum
3272 635 3470 697 levare;
3498 634 3591 687 sed
3616 646 3865 704 percu-

2234 729 2390 783 tiebat
2416 739 2590 797 pectus
2624 744 2775 782 suum
2814 727 3029 780 dicens:
3072 724 3231 789 Deus,
3257 724 3505 794 propitius
3540 733 3650 777 este
3684 720 3863 776 mihi

2232 820 2511 890 peccaturi.
2539 817 2605 871 Et
2626 817 2886 871 descendit
2907 818 2989 870 hic
3008 816 3316 887 publicanus
3342 816 3396 867 in
3426 814 3629 868 domum
3654 825 3863 867 suam

2227 912 2543 982 justiﬁcatus
2564 950 2580 976 ,
2613 910 2780 981 magis
2820 925 2973 980 quam
3009 908 3097 962 ille
3134 908 3453 976 pharisteus;
3476 906 3601 976 quia
3635 903 3861 959 amis

2232 1004 2318 1073 qui
2338 1018 2395 1055 se
2418 1001 2617 1055 exattat
2635 997 3004 1052 humiliabitur.
3026 996 3209 1053 Primo
3230 997 3282 1051 in
3312 996 3426 1051 istis
3451 995 3655 1049 duobus
3674 992 3864 1047 duo-

2233 1110 2353 1150 rum
2373 1093 2694 1165 populorum
2716 1090 2953 1159 intelligo
2977 1088 3242 1158 designari
3264 1099 3563 1157 personam,
3593 1084 3865 1140 Judmo-

2233 1187 2353 1243 rum
2400 1189 2561 1258 762
2616 1193 2672 1240 et
2716 1183 2972 1252 gentium.
3040 1180 3183 1249 Ergo
3228 1179 3439 1234 dicebat
3481 1177 3857 1248 pharisaeus,

2236 1278 2396 1343 Deus,
2421 1278 2618 1348 gratias
2638 1291 2734 1346 ago
2768 1274 2856 1329 tibi
2885 1274 3005 1341 quia
3034 1287 3139 1326 non
3158 1285 3269 1324 sum
3297 1270 3428 1323 sicut
3454 1269 3622 1322 ca'teri
3641 1266 3859 1334 homi—

2234 1386 2325 1424 nes
2345 1408 2361 1433 ,
2384 1343 2616 1439 raptores
2637 1407 2651 1431 ,
2673 1343 2858 1437 injusti
2879 1405 2894 1429 ,
2927 1363 3168 1427 adulteri,
3192 1363 3323 1417 sicut
3350 1358 3648 1429 publicanus
3684 1343 3883 1410 iste;

2235 1458 2604 1528 Benegratias
2649 1469 2878 1524 ageres.
2955 1484 2969 1508 ι
3049 1493 3063 1506 .
3142 1492 3156 1506 .
3235 1491 3248 1504 .
3328 1490 3342 1504 .
3422 1488 3438 1503 .
3514 1487 3526 1502 .
3602 1487 3618 1501 .
3696 1487 3719 1501 .

2241 1591 2253 1603 .
2336 1590 2348 1603 .
2429 1587 2441 1600 .
2523 1587 2536 1600 .
2616 1586 2629 1599 .
2712 1586 2724 1598 .
2801 1544 3268 1599 minimeaceusas
3325 1579 3340 1593 .
3418 1577 3432 1591 .
3510 1578 3523 1590 .
3599 1577 3616 1590 .

2242 1682 2257 1696 .
2335 1681 2348 1694 .
2427 1679 2441 1692 .
2523 1679 2535 1692 .
2608 1630 2628 1690 ’.
2708 1677 2723 1692 .
2800 1637 2937 1690 bene
2977 1648 3166 1703 ageres
3192 1632 3237 1686 si
3269 1646 3375 1686 non
3396 1627 3640 1699 superbis
3667 1626 3848 1682 voci-

562 1718 809 1777 Ninivitis
845 1723 937 1792 qui
979 1733 1203 1791 egerunt
1244 1723 1612 1792 pmnitentiam
1662 1722 1714 1778 in
1758 1722 2137 1792 prmdicatione
2170 1731 2210 1789 ις
2239 1732 2338 1786 bus
2358 1729 2674 1791 extulisses;
2725 1741 2846 1781 cum
2893 1724 3034 1781 enim
3081 1722 3214 1777 alios
3262 1735 3512 1785 accusas,
3558 1718 3851 1789 teipsum

564 1814 712 1869 lente
743 1832 755 1866 :
792 1815 804 1844 ¹
841 1813 908 1868 Et
950 1830 1062 1867 ecce
1097 1813 1213 1884 plus
1241 1830 1392 1883 quam
1417 1812 1580 1867 Jonas
1613 1812 1723 1870 hic;
1770 1812 2137 1881 pmnitentiam

564 1912 791 1973 egerunt
809 1903 1069 1969 Ninivitae,
1095 1902 1415 1974 pnedicante
1436 1918 1612 1966 servo,
1635 1909 1688 1956 et
1702 1884 1893 1966 induti,
1910 1899 2138 1954 Domino

558 1995 909 2064 *pncdicante,
935 1995 1096 2066 761
1120 2002 1488 2057 contemnunt,
1511 2009 1612 2048 nec
1632 1992 1819 2047 volunt
1837 2005 1996 2059 agere
2024 2005 2141 2060 pte-

554 2084 869 2149 nitentiam,
898 2084 1021 2153 quia
1059 2099 1167 2163 nec
1190 2083 1385 2138 salvari
1408 2092 1699 2137 merentur.
1735 2079 1871 2136 Vere
1898 2088 2024 2136 sunt
2048 2095 2139 2135 as-

566 2174 717 2243 pides
762 2172 936 2228 surdm
978 2181 1032 2228 et
1072 2174 1385 2228 obturantes
1428 2188 1585 2228 aures
1613 2188 1737 2229 suas
1776 2171 1946 2243 (Psal.
1989 2170 2137 2241 Lvu),

566 2280 685 2335 qua:
714 2280 821 2319 non
850 2264 1141 2319 exaudiunt
1169 2278 1354 2318 vocem
1386 2263 1791 2328 incantantium,
1824 2269 1879 2316 et
1903 2260 2140 2315 medica-

565 2357 735 2412 menti
763 2355 903 2426 quol
929 2355 1223 2410 medicatur
1251 2369 1281 2408 a
1310 2353 1576 2424 sapiente;
1609 2368 1744 2423 quos
1775 2351 1887 2420 ipsa
1915 2348 2142 2419 Sapien-

560 2449 643 2502 tia
678 2446 847 2502 Patris
874 2446 1131 2502 Dominus
1157 2445 1400 2500 Christus
1428 2443 1756 2515 frequentius
1795 2441 2050 2504 edocens,
2089 2446 2145 2495 et

569 2555 666 2611 per
705 2538 922 2611 Moysen
980 2538 1059 2594 vel
1087 2546 1310 2593 caeteros
1355 2537 1661 2607 prophetas,
1710 2550 2046 2605 nequaquam
2074 2531 2145 2587 ad

569 2639 778 2686 rectum
805 2630 924 2684 vitae
969 2627 1238 2682 tramitem
1267 2627 1565 2693 revocavit;
1597 2627 1723 2697 quia
1767 2626 1880 2695 ipse
1918 2624 2146 2679 liberum

569 2721 714 2791 quod
742 2719 948 2776 homini
985 2717 1130 2773 dedit
1169 2717 1467 2781 arbitrium,
1500 2716 1669 2771 noluit
1697 2716 1890 2770 iterum
1933 2713 2144 2767 abrum-

568 2827 718 2884 pere,
752 2826 819 2867 ne
848 2826 878 2865 a
922 2825 982 2867 se
1012 2824 1183 2879 nuper
1210 2823 1539 2870 concessam,
1583 2815 1641 2861 ut
1684 2806 1932 2871 diximus,
1978 2803 2147 2858 animi

547 2901 874 2957 ‘libertalcm
898 2899 1231 2970 infringeret.
1262 2896 1403 2965 Ergo
1428 2897 1626 2970 dimisit
1652 2898 1706 2950 in
1734 2894 2148 2963 uniuscujusque

573 2989 787 3059 iudicio,
820 3002 918 3058 pro
947 2987 1141 3056 quibus
1170 3000 1404 3040 examen
1436 2984 1671 3039 futurum
1718 2985 1931 3038 sibimet
1968 2999 2145 3038 reser~

2213 1819 2528 1888 'reprobas;
2550 1818 2676 1887 quia
2721 1830 2789 1870 ex
2835 1815 3060 1868 aliorum
3096 1812 3266 1882 culpis
3294 1811 3388 1865 tibi
3410 1810 3612 1864 laudem
3639 1808 3850 1864 ascri-

2236 1910 2353 1975 bis;
2379 1907 2488 1963 noli
2518 1909 2684 1961 altum
2712 1919 2929 1975 sapere,
2966 1903 3061 1959 sed
3105 1903 3263 1964 time;
3296 1901 3462 1965 Deus,
3489 1901 3684 1971 gratias
3712 1912 3851 1970 ago

2238 1997 2332 2052 tibi
2358 1999 2481 2067 quia
2500 2013 2604 2051 non
2625 2010 2739 2050 sum
2760 1996 2891 2048 sicut
2910 1993 3083 2048 caueri
3110 1992 3357 2053 homines,
3383 1997 3613 2061 raptores
3630 2028 3644 2053 ,
3668 1990 3849 2059 inju-

2239 2089 2330 2154 sti,
2360 2087 2584 2142 adulteri
2608 2124 2623 2150 ,
2661 2084 2913 2157 quomodo
2934 2091 2985 2138 et
3016 2081 3318 2154 publicanus
3338 2082 3451 2134 iste.
3497 2078 3569 2132 Tu
3596 2081 3712 2151 quis
3737 2095 3844 2137 es.

2241 2180 2327 2250 qui
2366 2178 2579 2248 judicas
2638 2192 2837 2232 seruum
2891 2174 3156 2229 alienum?
3204 2171 3425 2226 Domino
3461 2186 3551 2225 suo
3578 2168 3694 2223 'stat
3725 2179 3847 2223 aut

2242 2269 2401 2323 cadit.
2430 2267 2619 2322 Potens
2648 2277 2725 2321 est
2746 2264 2887 2321 Deus
2909 2274 3134 2319 statuere
3164 2262 3311 2318 illum
3340 2261 3513 2332 (Rom.
3545 2259 3675 2330 itv).
3709 2259 3845 2314 Ad-

2242 2360 2349 2416 huc
2376 2357 2510 2414 dicis
2534 2375 2546 2411 :
2577 2357 2766 2428 Jejuno
2784 2357 2864 2411 bis
2890 2358 2945 2410 in
2977 2353 3188 2425 sabbato
3205 2395 3222 2419 ,
3251 2353 3474 2407 decimas
3499 2352 3566 2406 do
3586 2352 3847 2406 omnium:

2242 2466 2357 2522 qua:
2383 2449 2651 2521 possideo;
2691 2448 2748 2502 in
2783 2445 2998 2517 propria
3026 2442 3397 2499 laude'odiosa'
3413 2440 3650 2510 jactatio.
3670 2438 3838 2510 Jeju-

2244 2558 2317 2598 no
2344 2542 2428 2598 bis
2469 2541 2523 2596 in
2562 2539 2825 2609 sabbato:
2860 2536 2959 2602 Qui
2991 2536 3196 2608 jejunat
3219 2575 3234 2600 ,
3282 2534 3673 2589 inauducautem
3711 2548 3842 2587 non

2232 2635 2477 2707 judicet,
2525 2641 2576 2686 et
2616 2633 2702 2702 qui
2744 2627 3394 2699 manducat,jejunantem
3426 2632 3787 2695 nonspemat
3814 2643 3838 2688 ;

2245 2726 2367 2797 quia
2391 2734 2439 2778 et
2474 2724 2561 2794 qui
2600 2721 2931 2784 mandttcat,-
2956 2717 3180 2777 Domina
3215 2715 3518 2779 manducat,
3547 2722 3593 2766 et
3617 2714 3841 2783 gratias

2245 2816 2355 2886 agit
2376 2814 2512 2879 Deo;
2540 2823 2590 2867 et
2613 2814 2699 2884 qui
2731 2828 2835 2866 non
2875 2809 3191 2875 manducat,
3212 2805 3435 2861 Domino
3455 2820 3565 2860 non
3591 2802 3839 2858 mandu-

2246 2916 2349 2970 cat,
2393 2916 2443 2958 et
2488 2904 2685 2976 gratias
2725 2904 2836 2974 agit
2872 2899 2981 2955 Deo
3013 2898 3229 2971 (Ibid.);
3270 2905 3327 2951 et
3355 2904 3562 2960 tamen,
3588 2893 3678 2948 cui
3705 2893 3840 2947 haec

2249 2997 2416 3053 dicis?
2445 2995 2561 3051 Non
2595 2994 2845 3063 intelligis
2871 2993 2997 3062 quia
3022 2991 3088 3046 ad
3118 3005 3239 3046 eum
3261 2988 3497 3059 loqueris
3525 2986 3611 3066 cui
3634 2985 3837 3040 omnia

572 3079 735 3144 vavit,
754 3085 814 3132 ut
841 3077 1091 3148 puniatur
1111 3076 1202 3146 qui
1227 3074 1389 3131 fuerit
1414 3091 1559 3145 reus,
1588 3084 1643 3130 et
1668 3074 1903 3130 salvetur
1930 3072 2020 3143 qui
2049 3072 2147 3128 cri—
2171 3092 2218 3154 ρ
2249 3099 2377 3146 ηοω
2402 3096 2527 3144 sum
2546 3127 2562 3151 ν
2603 3096 2660 3143 ει
2686 3096 2972 3156 antequam
3013 3083 3175 3139 (iam?
3204 3082 3443 3137 Decima,
3480 3080 3544 3135 αο
3588 3080 3836 3134 σηπίαι,

573 3183 696 3224 men
726 3167 897 3223 noluit
934 3181 1001 3221 ne
1036 3166 1316 3236 puniretur
1348 3167 1642 3221 admittere.
1668 3165 1735 3219 Et
1765 3165 1906 3234 ideo,
1936 3164 2143 3231 fratres,

574 3259 629 3315 in
653 3265 922 3328 praecepto
950 3255 1116 3310 divini
1143 3257 1425 3322 sermonis,
1442 3255 1652 3325 eloquia
1675 3256 1819 3310 omni
1845 3254 2038 3310 mentis
2061 3254 2146 3309 in-

572 3349 812 3404 tentione
839 3355 1138 3403 scrutemur
1166 3365 1178 3400 :
1205 3346 1422 3417 Deoque
1447 3344 1593 3399 Patri
1623 3345 1976 3415 omnipotenti
2006 3361 2147 3400 sem-

575 3458 792 3514 per-per
816 3441 1082 3499 Christum
1123 3440 1408 3496 Dominum
1439 3448 1681 3495 nostrum
1726 3439 1911 3494 laudes
1939 3447 1997 3493 et
2020 3452 2146 3508 gra-

551 3535 675 3589 -‘tias
702 3533 1012 3595 referamus,
1046 3532 1132 3588 cui
1169 3540 1250 3586 est
1273 3531 1441 3600 gloria
1471 3530 1523 3585 in
1553 3529 1761 3585 saecula.
1789 3528 1979 3599 Amen.

646 3624 720 3679 γι
730 3622 813 3679 11.
848 3623 981 3678 Item
1010 3624 1072 3678 de
1100 3622 1312 3677 lectione
1343 3622 1638 3693 evangelica
1669 3618 1793 3674 Luc.
1825 3636 1968 3687 xvm,
2001 3618 2088 3675 10.

643 3714 866 3771 Lectum
909 3720 990 3769 est
1039 3713 1108 3769 de
1156 3712 1420 3782 phariszeo
1466 3720 1523 3767 et
1566 3711 1850 3782 publicano
1872 3750 1888 3776 ,
1921 3723 2150 3779 quorum

575 3809 804 3863 duorum
833 3807 959 3862 dum
988 3806 1199 3869 merita,
1232 3820 1441 3875 preces,
1469 3818 1829 3874 personasque
1848 3784 2148 3867 considero,

575 3899 705 3952 satis
754 3897 993 3951 admiror
1052 3895 1347 3947 bonitatem
1402 3892 1499 3947 Dei
1544 3894 1850 3961 iustumque
1890 3890 2151 3960 judicium

562 3989 793 4043 Christi.
824 3985 1060 4041 Confusa
1084 3986 1370 4053 superbia,
1405 3984 1600 4038 meruit
1623 3983 1903 4053 justiﬁcari
1931 3982 2150 4036 humili-

574 4089 688 4143 tas;
725 4077 984 4147 ilaerymte
1030 4075 1347 4129 invenerunt
1392 4073 1812 4130 misericordiam
1836 4114 1850 4138 ,
1895 4072 2153 4143 jactantia

578 4174 915 4245 reprobatur.
958 4170 1183 4227 Erubuit
1211 4171 1520 4240 pharisaeus,
1553 4172 1641 4241 qui
1671 4169 1967 4238 gaudebat;
2008 4169 2155 4238 gavi-

579 4282 669 4320 sus
698 4271 778 4319 est
805 4263 1138 4333 publicanus,
1167 4261 1257 4332 qui
1280 4262 1584 4332 plangebat,
1617 4269 1671 4315 et
1698 4260 1845 4314 audit
1867 4260 2150 4329 justitiam;

580 4359 703 4429 quia
727 4359 893 4412 omnis
917 4398 931 4423 ,
963 4355 1138 4424 inquit
1177 4353 1434 4409 Dominus
1460 4395 1474 4420 ,
1502 4354 1586 4423 qui
1609 4369 1664 4407 se
1688 4352 1886 4406 exultat
1913 4350 2150 4404 humilia-

2234 3199 2361 3255 ‘qua:
2387 3181 2642 3251 possideo.
2691 3179 2936 3237 Decimus
2980 3178 3113 3232 das:
3145 3176 3238 3237 sed
3263 3175 3380 3246 plus
3421 3172 3618 3242 accipis
3654 3185 3833 3241 quam

2247 3276 2381 3330 das:
2414 3274 2635 3328 nimium
2663 3271 2941 3342 possides;
2983 3269 3159 3338 fruges
3194 3268 3289 3323 tibi
3318 3267 3496 3321 multae
3523 3264 3719 3335 pluviis
3741 3262 3834 3319 di-

2249 3364 2388 3420 vinis
2410 3369 2740 3427 aecrescunt,
2771 3368 2827 3415 et
2848 3359 2933 3415 cui
2962 3359 3031 3415 de
3046 3358 3223 3413 multo
3251 3356 3346 3412 des
3371 3369 3615 3426 parvum,
3644 3352 3833 3407 adhuc

2248 3458 2602 3528 improperae.
2633 3453 2949 3508 Publicanus
2986 3460 3154 3505 autem
3199 3449 3262 3503 de
3307 3447 3588 3518 longinquo
3621 3444 3831 3506 stabat;

2248 3562 2534 3619 personam
2558 3544 2818 3614 gentium,
2852 3552 2911 3598 ut
2929 3542 3190 3602 diximus,
3222 3547 3459 3610 portans,
3482 3536 3609 3604 quia
3635 3540 3831 3601 gentes

2250 3656 2283 3694 a
2323 3639 2434 3695 Deo
2458 3638 2693 3708 peccatis
2720 3636 2929 3704 longius
2959 3634 3296 3689 tenebantur.
3345 3628 3487 3698 Ergo
3516 3628 3583 3682 de
3611 3626 3829 3695 longin-

2249 3746 2359 3800 quo
2385 3729 2582 3793 stabat,
2623 3734 2679 3783 et
2718 3739 2892 3794 neque
2931 3725 3118 3780 oculos
3157 3722 3372 3777 volebat
3416 3719 3486 3774 ad
3530 3717 3725 3774 omium
3751 3715 3832 3772 le-

2253 3836 2400 3878 vare.
2436 3818 2617 3883 Vides,
2647 3816 2757 3887 jam
2786 3814 3108 3886 postulantis
3136 3811 3195 3867 ﬁt
3221 3812 3333 3866 sibi.
3346 3808 3513 3880 judex
3541 3807 3829 3863 conscien-

2253 3913 2360 3977 tia;
2390 3909 2544 3980 punit
2570 3909 2626 3963 in
2653 3907 2937 3975 semetipsa
2963 3911 3200 3975 peccata,
3226 3917 3331 3956 non
3353 3899 3513 3955 audet
3532 3898 3832 3969 proximius

2253 4001 2551 4065 accedere,
2602 4012 2708 4052 non
2755 3996 2915 4051 audet
2959 3995 3145 4049 oculos
3186 3991 3254 4046 ad
3283 3991 3477 4048 coelum
3504 3990 3706 4053 levare,
3731 4002 3828 4042 nec

2252 4093 2369 4146 vult
2412 4088 2630 4160 pollutis
2675 4086 2845 4142 oculis
2890 4084 3070 4140 videre
3117 4081 3398 4138 candidam
3445 4079 3660 4142 lucem,
3701 4078 3829 4147 quia

2254 4182 2444 4237 oculos
2485 4180 2537 4234 in
2573 4178 2760 4233 dolore
2807 4175 3013 4245 positos
3055 4175 3146 4227 lux
3187 4185 3374 4227 serena
3426 4169 3736 4239 perstringit
3770 4176 3834 4222 et

2255 4270 2517 4342 percutit;
2549 4267 2778 4335 ideoque
2826 4265 3111 4321 inclinatus
3155 4261 3222 4315 ad
3261 4270 3458 4315 terram
3497 4257 3833 4328 percutiebat

2249 4370 2443 4434 peetus
2471 4375 2623 4415 suum
2650 4358 2834 4412 dicens
2852 4374 2869 4409 ξ
2902 4355 3064 4420 Deus,
3094 4353 3343 4423 propitius
3371 4361 3478 4405 esto
3501 4350 3628 4403 mihi
3652 4361 3837 4414 perea-

582 4449 748 4516 bitur,
807 4450 892 4519 qui
941 4455 1109 4499 autem
1160 4460 1215 4497 se
1259 4444 1601 4497 humiliarerit
1637 4441 1948 4496 exaltabitur
1988 4438 2145 4512 (Luc.

2260 4454 2379 4508 tori.
2403 4451 2471 4504 Et
2495 4450 2751 4504 Dominus
2786 4448 2897 4502 ait:
2929 4446 3088 4499 Amen
3119 4445 3233 4496 dico
3262 4443 3399 4496 vobis
3420 4481 3434 4505 ,
3468 4438 3733 4493 descendit
3750 4442 3835 4494 hic

584 4540 766 4608 \t‘lll);
810 4546 865 4591 et
891 4538 975 4607 qui
1002 4535 1258 4590 seminam
1291 4534 1343 4587 in
1372 4533 1645 4603 lacrymis,
1677 4533 1731 4585 in
1757 4532 1943 4603 gaudio
1964 4540 2155 4585 metent

584 4631 754 4698 il’sal.
778 4627 969 4697 cxxv);
1001 4643 1158 4698 prope
1189 4635 1264 4680 est
1289 4640 1501 4695 semper
1520 4624 1772 4678 Dominus
1796 4627 1859 4679 iis
1888 4626 1973 4697 qui
1998 4624 2155 4678 tribu-

588 4728 690 4779 lato
731 4728 847 4775 sunt
888 4718 1077 4786 corde,
1136 4724 1187 4771 et
1232 4716 1444 4770 humiles
1484 4717 1666 4787 spiritu
1708 4714 1924 4770 saltabit
1963 4714 2152 4788 (Psal.

590 4815 793 4881 xxxiii).
839 4810 1280 4873 Consideremus,
1313 4797 1534 4871 fratres,
1573 4806 1729 4876 hujus
1768 4807 2010 4862 lectionis
2037 4816 2157 4863 tex-

590 4914 719 4957 tum.
752 4905 1123 4970 Ascenderunt,
1150 4901 1338 4971 inquit,
1361 4901 1413 4953 in
1456 4899 1692 4967 templum
1714 4908 1769 4952 ut
1800 4910 2004 4953 orarent
2031 4900 2161 4971 plta-

590 4996 771 5047 risa’us
810 5005 859 5049 et
895 4994 1213 5065 publicanus.
1263 4991 1408 5046 Bene
1452 4991 1651 5045 dictant
1689 4999 1770 5044 est
1807 4991 2164 5046 ascenderunt

595 5124 609 5137 .
691 5122 703 5135 .
784 5123 798 5136 .
878 5125 892 5138 .
971 5125 984 5138 .
1063 5124 1076 5138 .
1157 5123 1170 5137 .
1251 5123 1264 5137 .
1345 5122 1360 5137 .
1440 5122 1454 5137 .
1536 5123 1551 5137 .
1630 5082 2159 5136 .tationeettamen

596 5215 610 5228 .
690 5213 703 5226 .
784 5170 798 5226 ζ
877 5213 891 5227 .
971 5216 983 5228 .
1064 5216 1077 5228 .
1157 5215 1171 5229 .
1250 5214 1263 5228 .
1344 5213 1357 5227 .
1439 5212 1453 5226 .
1533 5213 1547 5227 .
1623 5173 1713 5241 qui
1742 5172 1896 5239 erigit
1926 5180 2162 5226 mentem

592 5278 742 5318 suam
767 5263 833 5316 ad
862 5263 1029 5316 Deum
1072 5265 1285 5319 nonnisi
1326 5265 1378 5318 in
1430 5264 1726 5318 humilitate
1767 5261 2161 5329 justilicabijur.

594 5355 736 5424 Ergo
756 5354 1157 5410 consideremus
1182 5374 1194 5408 :
1220 5357 1577 5412 ascenderunt
1605 5356 1704 5411 viri
1728 5356 1803 5411 illi
1827 5357 1879 5409 in
1903 5355 2161 5424 templum

596 5459 650 5503 ut
681 5455 916 5504 orarent.
960 5447 1248 5517 pharisazus
1286 5451 1604 5519 precabatur
1629 5448 1771 5519 apud
1811 5462 1902 5513 se,
1942 5447 2164 5502 dicens.-

671 5564 684 5593 ⁸
711 5561 785 5616 De
804 5559 1151 5615 Ninivitarum
1166 5560 1476 5629 poenitentia
1499 5562 1608 5628 agit
1626 5560 1683 5614 S.
1704 5559 1962 5615 Maximus
1980 5562 2030 5614 in
2057 5561 2156 5616 ho-

595 5633 739 5705 tnilia
770 5647 887 5701 quae
910 5629 1093 5702 incipit
1125 5628 1400 5699 :‘Legimus
1428 5632 1479 5683 in
1519 5631 1798 5699 prophetis,
1835 5648 1947 5685 cum
1971 5630 2162 5687 Nittt're

2253 4544 2573 4616 justiﬁcatus
2609 4542 2662 4595 in
2685 4540 2889 4594 domum
2926 4551 3073 4590 suam
3095 4574 3109 4597 ,
3158 4535 3326 4604 magis
3354 4547 3506 4601 quam
3537 4530 3623 4582 ille
3653 4531 3835 4598 pueri-

2262 4651 2425 4699 sants;
2448 4634 2567 4705 quia
2596 4631 2762 4687 omnis
2785 4630 2867 4699 qui
2895 4644 2948 4681 se
2975 4626 3169 4680 exultat
3197 4622 3565 4687 humiliabitur,
3591 4629 3641 4673 et
3669 4617 3835 4672 omnis

2265 4728 2351 4798 qui
2377 4741 2431 4780 se
2464 4723 2697 4777 humiliat
2730 4716 3060 4774 exaltabitur.
3107 4714 3338 4782 Ideoque
3368 4721 3423 4766 ct
3462 4726 3593 4776 nos,
3621 4707 3835 4779 fratres,

2264 4816 2618 4871 humilitatem
2646 4820 2929 4874 sectemur,
2967 4816 3022 4862 et
3047 4807 3162 4861 miti
3188 4803 3348 4860 corde
3375 4812 3431 4857 et
3461 4801 3652 4856 humili
3678 4813 3835 4869 prece

2267 4906 2493 4961 Domino
2521 4902 2906 4973 supplicemus,
2951 4907 3011 4954 ut
3038 4898 3155 4967 ejus
3183 4894 3557 4950 misericordia:
3580 4892 3834 4946 auxilium

2262 5010 2676 5066 consequamur,
2709 4992 2793 5046 cui
2822 4999 2904 5046 est
2930 4990 3096 5058 gloria
3124 4991 3176 5041 in
3205 4987 3413 5042 saecula.
3448 4984 3640 5038 Amen.

2371 5083 2474 5139 IX.
2509 5082 2640 5137 Item
2669 5082 2731 5135 de
2762 5082 2976 5134 lectione
3002 5077 3291 5149 evangelica
3322 5076 3509 5130 Matth.
3540 5091 3653 5141 xxr,
3682 5073 3729 5126 l.

2335 5173 2631 5229 Destiuavit
2657 5171 2914 5226 Dominus
2940 5168 3094 5224 Jesus
3122 5167 3407 5237 discipulos
3429 5172 3488 5218 ut
3511 5164 3835 5218 adducerent

2265 5268 2329 5322 ad
2362 5282 2420 5322 se
2442 5266 2644 5338 pullum
2673 5265 2852 5328 asinte,
2886 5264 2937 5317 in
2968 5277 3074 5332 quo
3096 5262 3339 5326 sederet;
3371 5258 3569 5327 quique
3593 5256 3834 5325 disci-puli

2268 5360 2537 5414 abierunt.
2571 5356 2641 5411 Ut
2670 5357 2988 5410 invenerunt
3016 5352 3217 5423 pullum
3249 5351 3540 5417 alligatum,
3572 5348 3835 5401 solventes

2268 5451 2537 5506 duxerunt
2581 5447 2652 5503 ad
2696 5446 3065 5507 Salvatorem,
3125 5452 3181 5497 et
3223 5442 3445 5498 sedebat
3493 5455 3656 5509 su,er
3696 5453 3833 5493 cum.

2261 5563 2455 5615 ciritati
2483 5560 2737 5615 subrersio
2764 5558 3001 5612 divinitus
3031 5557 3337 5620 immineret,
3359 5564 3462 5612 etc.
3486 5553 3618 5610 ltem
3642 5555 3830 5609 inalte

2266 5648 2343 5691 ra.
2385 5633 2540 5707 cujus
2581 5628 2785 5685 initium
2822 5646 2832 5680 :
2867 5627 3107 5682 Diximus
3136 5628 3392 5681 anteriore
3428 5625 3705 5687 dominica.
3734 5633 3834 5679 etc.
