4138 6196
220 384 336 460 εῖτ

1034 389 1119 446 DE
1155 386 1510 446 CAPITULTS
1551 385 2085 444 EVANGELIORUM
2129 387 2632 446 EXPOSITIONES‘.

3391 388 3512 442 818‘

219 511 378 582 763
407 505 632 571 Audite,
666 501 892 571 fratres;
925 505 1105 558 sancti
1145 503 1295 559 Isaia:
1334 498 1561 557 veridica
1608 502 1804 556 vatiei-
1833 513 1873 564 Α
1908 516 2108 560 scatur.
2142 506 2376 561 Curatur
2404 505 2596 582 deinde
2623 506 2789 561 homo
2821 515 2998 560 mutus
3026 511 3081 560 et
3105 503 3329 572 surdus;
3379 507 3524 563 duo‘

218 603 370 655 natio
401 600 454 653 in
485 597 711 651 Domino
757 604 962 649 nostro.
988 594 1112 648 Jesu
1152 593 1365 648 Christo
1395 593 1660 661 completa
1691 601 1800 658 est;

217 694 298 747 sic
325 692 469 747 enim
509 691 622 760 ipse
651 688 814 743 lsaias
851 687 1112 756 propheta
1152 686 1341 755 plenus
1381 684 1581 754 Spiritu
1616 691 1802 739 sancto

218 785 432 839 locutus
461 789 541 836 est
566 781 632 835 de
668 780 976 841 Salvatorc,
1015 777 1198 833 dicens
1227 796 1240 832 :
1277 777 1455 832 Gaude
1491 778 1659 844 valde,
1691 777 1802 846 ﬁlia

222 876 355 929 Sion
378 891 395 928 :
418 890 533 927 ecce
575 871 683 926 Rex
719 881 834 924 tuus
870 872 1004 924 venit
1035 870 1122 924 tibi
1150 872 1289 924 mitis
1338 879 1389 923 et
1436 870 1565 923 lenis
1622 870 1803 923 sedens

219 977 376 1033 super
403 964 598 1032 pullum
627 963 792 1016 asintc
830 961 964 1032 (Isa.
998 978 1133 1024 an;
1165 960 1327 1014 Zaclt.
1353 960 1450 1028 ις).
1502 959 1641 1026 Quid
1670 960 1804 1014 dici-

219 1071 374 1124 mus,
416 1055 648 1110 fratres?
686 1040 867 1108 Primo
913 1054 1229 1109 admiranda
1270 1060 1352 1107 est
1399 1052 1607 1106 Domini
1656 1059 1804 1105 tanta

219 1147 534 1212 humilitas;
578 1146 756 1200 sciens
796 1142 1122 1214 superﬂuum
1152 1157 1272 1199 esse
1306 1143 1564 1196 ambitum
1600 1136 1802 1206 mundi,

219 1253 328 1292 non
361 1237 514 1305 equis
559 1234 858 1289 delectatus
903 1241 987 1287 est
1031 1233 1261 1304 superba
1290 1234 1503 1288 cervice
1532 1233 1807 1287 frementi-

219 1329 343 1392 bus,
375 1341 552 1396 neque
581 1325 700 1379 altis
726 1324 980 1395 passibus.
999 1323 1385 1389 incedentibus,
1413 1321 1506 1378 sed
1533 1324 1653 1379 vilis
1677 1323 1805 1393 pulli

221 1421 394 1476 voluit
414 1420 579 1474 dorso
607 1419 847 1486 vectari,
876 1418 1169 1494 ostendens
1197 1418 1322 1486 quia
1351 1418 1522 1483 magis
1549 1433 1658 1472 non
1699 1417 1807 1472 ela-

221 1520 306 1566 tos
325 1517 382 1565 et
406 1509 728 1564 extollentes
752 1523 811 1562 se
831 1551 846 1576 ,
881 1507 978 1562 sed
1005 1507 1163 1562 mites
1185 1506 1356 1576 diligit
1389 1515 1445 1562 et
1471 1507 1624 1577 quasi
1653 1507 1807 1573 viles,

219 1601 312 1670 qui
340 1599 491 1655 velut
524 1608 762 1653 stercora
789 1597 970 1652 mundi
1000 1597 1298 1662 habeatur;
1333 1597 1476 1668 quia,
1510 1598 1651 1652 sicut
1679 1597 1810 1651 dicit

218 1691 555 1762 Apostolus:
609 1687 870 1760 Ignobilia
916 1688 1066 1758 Imjus
1108 1688 1287 1741 mundi
1333 1689 1484 1758 elegit
1511 1686 1671 1741 'Deus
1696 1728 1710 1753 ,
1753 1698 1809 1740 ut

222 1782 510 1854 confundat
540 1783 719 1853 fortia,
749 1789 797 1834 et
821 1779 1024 1850 abjecta
1055 1779 1205 1851 elegit
1236 1778 1374 1834 Deus
1403 1796 1517 1851 qua:
1538 1795 1639 1833 non
1668 1788 1807 1846 sunt,

1908 595 2146 650 membra
2177 595 2372 650 debilia
2401 596 2669 666 accipiunt
2698 595 3038 651 medicinam.
3057 593 3278 664 Enispuit
3302 596 3488 652 Domi-

1907 701 2028 754 nus,
2053 695 2107 741 et
2148 688 2320 756 tetigit
2349 688 2584 756 linguam
2617 689 2748 756 ejus,
2784 689 2834 742 in
2858 687 3124 742 auriculas
3153 686 3265 756 ejus
3294 686 3492 755 digitos

1905 778 2070 845 misit,
2102 786 2154 832 et
2183 779 2258 832 ait
2283 796 2294 831 :
2329 777 2592 848 Ephetha,
2626 779 2768 847 quod
2793 787 2875 833 est
2904 777 3212 849 adaperire;
3246 787 3300 833 et
3329 795 3488 849 aper-

1908 876 1976 920 ta:
1997 876 2122 922 sunt
2150 868 2406 922 continuo
2433 868 2611 937 januae
2642 871 2749 924 oris
2778 869 2892 938 ejus
2915 879 2967 924 et
2991 886 3146 925 aures
3173 870 3303 936 ejus.
3339 871 3489 925 luve-

1908 961 1985 1014 nit
2030 976 2133 1014 vox
2169 976 2275 1030 qua
2321 971 2667 1032 erumperet,
2717 964 3032 1017 invenerunt
3083 972 3136 1017 et
3182 979 3338 1018 aures
3385 981 3487 1034 qua

1906 1066 2097 1105 sonum
2124 1053 2388 1107 audirent.
2421 1047 2806 1122 Impedimenta
2831 1055 3021 1123 lingum
3051 1056 3226 1124 fugata
3250 1064 3371 1111 sunt
3391 1097 3403 1119 ,
3438 1066 3490 1111 et

1909 1143 2114 1196 aurium
2168 1145 2403 1211 tegmina
2450 1145 2778 1200 ceciderunt.
2849 1146 3038 1200 Meruit
3085 1164 3181 1217 per
3226 1150 3496 1204 mirabilia-

1909 1231 2205 1289 Salvatoris
2233 1244 2289 1289 ut
2312 1244 2367 1290 et
2392 1251 2486 1291 ore
2517 1237 2744 1291 Domino
2775 1238 2973 1306 gratias
3003 1249 3224 1306 ageret,
3272 1249 3326 1295 et
3371 1257 3492 1296 ver-

1909 1326 2036 1380 bum
2085 1326 2179 1382 Dei
2225 1344 2254 1380 a
2305 1328 2630 1398 praedicante
2676 1329 2921 1396 audiret;
2983 1329 3141 1384 ﬁdem
3191 1347 3256 1386 ex
3308 1331 3493 1387 auditu

1909 1419 2173 1486 suscepit,
2205 1419 2368 1474 corde
2409 1419 2638 1474 credidit
2666 1419 2733 1473 ad
2752 1419 3011 1494 justitiam
3033 1431 3133 1489 ,‘et
3157 1438 3250 1477 ore
3281 1422 3493 1478 confes-

1909 1523 2000 1563 sus
2049 1517 2132 1563 est
2175 1508 2242 1562 ad
2290 1509 2534 1564 salutem.
2583 1510 2720 1577 Quid
2763 1520 2817 1567 et
2859 1513 2924 1567 de
2963 1515 3140 1568 ςαξροῖ
3177 1511 3412 1569 Curatur
3439 1523 3492 1569 et

1911 1613 2102 1662 ca‘cus,
2132 1599 2430 1654 claritatem
2463 1601 2720 1655 luminum
2750 1619 2847 1672 per
2874 1619 3063 1658 manus
3087 1605 3279 1674 accipit
3303 1606 3490 1659 Salva-

1913 1688 2081 1743 toris:
2131 1689 2329 1744 cedunt
2372 1690 2558 1744 lumini
2588 1691 2854 1759 tenebrte,
2903 1702 2956 1747 et
2986 1695 3269 1749 virtutibus
3297 1693 3491 1750 Cltt‘iSti

1915 1781 2090 1834 omnis
2117 1781 2330 1835 cmcitas
2351 1779 2644 1849 ctfugatur;
2677 1783 2918 1837 redditur
2940 1784 3264 1840 desideranti
3289 1786 3491 1854 lumen,

217 1884 274 1929 ut
302 1891 419 1946 quas
445 1882 564 1929 sunt
593 1873 872 1926 destrueret
904 1871 957 1943 (Ι
988 1870 1106 1926 Cor.
1142 1872 1202 1940 ι).
1259 1871 1399 1940 Ergo
1427 1870 1697 1926 adducunt
1725 1870 1808 1925 di-
1845 1880 1883 1935 Β
1913 1880 1969 1925 et
2013 1878 2122 1925 tam
2185 1872 2331 1926 claro
2377 1871 2664 1941 splendore
2709 1870 2964 1942 percepto
2989 1915 3004 1940 ,
3047 1876 3259 1929 laetatur
3302 1892 3493 1942 aecus,

218 1967 413 2038 scipuli
462 1965 666 2037 pullum
697 1965 888 2029 asinzn,
933 1965 1205 2019 solventes
1235 1980 1376 2019 eum.
1417 1962 1516 2019 Est
1538 1965 1626 2019 hic
1653 1964 1811 2018 caris-

219 2061 366 2128 simi,
398 2058 598 2128 grande
630 2058 967 2128 mysterium.
1018 2055 1200 2110 Pullus
1238 2057 1338 2111 iste
1380 2056 1542 2128 asina:
1569 2055 1808 2122 gentium

218 2151 453 2222 populus
479 2149 809 2216 intelligitur,
849 2149 938 2217 qui
978 2149 1095 2202 vilis
1124 2155 1178 2203 et
1221 2139 1462 2215 abjectus
1493 2147 1808 2213 habebatur,

218 2252 273 2297 et
303 2243 500 2310 ligatus
540 2243 820 2297 tenebatur
858 2242 1083 2296 vinculis
1119 2249 1496 2310 peccatorum;
1529 2239 1751 2294 solvitur
1779 2253 1808 2290 a

218 2333 496 2402 discipulis
525 2340 795 2404 praecepto
825 2331 1036 2386 Domini
1069 2331 1136 2386 ad
1164 2332 1390 2386 salutem
1422 2339 1476 2385 et
1505 2331 1807 2384 libertatem

220 2425 466 2492 gentium
494 2423 773 2480 destinatis
792 2463 805 2486 ,
837 2430 891 2478 et
921 2421 1208 2477 adducitur
1248 2421 1314 2476 ad
1342 2420 1658 2490 obsequium
1688 2418 1808 2474 Sat-

222 2513 452 2580 vatoris,
479 2514 531 2569 id
562 2522 646 2569 est
673 2513 739 2567 ad
782 2512 904 2568 lldci
932 2513 1245 2584 mysterium
1267 2555 1282 2579 ,
1322 2519 1382 2565 ut
1404 2519 1584 2581 portet
1613 2511 1664 2564 in
1695 2523 1812 2564 sese

222 2607 545 2676 Dominum,
576 2616 738 2678 atque
776 2608 827 2662 in
858 2623 923 2662 co
952 2608 1259 2677 requiescat
1287 2614 1340 2662 et
1363 2607 1602 2670 habitet;
1642 2606 1812 2661 factu-

221 2712 312 2752 rus
343 2713 446 2766 per
485 2713 634 2752 suam
675 2697 985 2766 dignitatem
1039 2697 1108 2753 de
1137 2697 1392 2752 vilissima
1427 2697 1584 2767 plebe
1610 2697 1812 2766 pretio-

219 2789 492 2844 sissimum
523 2791 798 2860 populum,
830 2803 997 2857 genus
1043 2789 1221 2858 regale
1262 2797 1422 2858 atque
1449 2787 1808 2854 sacerdotale,

221 2891 282 2936 ut
302 2896 497 2952 segnes
527 2890 683 2937 antea
706 2883 914 2938 animos
943 2883 1180 2952 vigilanti
1202 2889 1470 2952 prtecepto
1498 2889 1808 2950 componat,

221 2982 280 3028 et
305 2973 538 3029 honesto
561 2974 862 3051 dgvotionis
877 2973 1007 3044 jugo
1028 2974 1327 3039 submittat,
1352 2983 1409 3026 ut
1428 2971 1528 3028 sibi
1551 2973 1806 3036 serviant,

223 3071 281 3119 et
308 3064 364 3118 in
406 3065 598 3134 quibus
624 3064 812 3120 sedeat
837 3063 1122 3128 Dominus,
1160 3079 1189 3118 a
1221 3063 1426 3118 caeteris
1452 3051 1807 3131 honorantur,

222 3155 387 3211 sicuti
411 3155 571 3210 hodie
594 3155 833 3210 videmus
862 3155 914 3208 iu
944 3155 1150 3210 honore
1174 3154 1378 3209 Domini
1403 3153 1711 3221 religiosos,
1755 3161 1809 3206 et

1912 1961 2174 2030 erigitque
2201 1962 2390 2018 oculos
2419 1963 2734 2033 apertosad
2763 1966 2978 2031 malum,
3010 1975 3064 2020 et
3086 1967 3296 2022 dulcem
3325 1970 3496 2024 visum

1881 2054 2211 2124 ‘aceipiens,
2256 2056 2456 2124 gratias
2500 2052 2734 2111 omnium
2764 2055 2958 2112 referet
2987 2059 3096 2114 Deo
3123 2078 3134 2112 :
3168 2061 3221 2114 in
3251 2063 3496 2118 manibus

1910 2145 2108 2199 Christi
2136 2147 2314 2200 ouutia
2338 2146 2596 2201 beneﬁcia
2626 2157 2867 2202 manent.
2900 2148 3166 2218 Impositis
3195 2151 3368 2220 primo
3388 2168 3495 2208 ma-

1911 2236 2068 2290 nibus
2091 2276 2107 2299 ,
2156 2237 2521 2306 interrogabat
2560 2254 2756 2293 caecum
2786 2239 2830 2293 si
2861 2240 3059 2308 aliquid
3088 2241 3314 2296 videret.
3366 2245 3453 2298 Ait
3479 2264 3489 2297 :

1911 2329 2080 2398 .Vidco
2109 2330 2337 2384 homines
2368 2332 2497 2384 sicut
2539 2331 2749 2385 arbores
2788 2331 3106 2387 ambulantes
3129 2333 3322 2406 (Marc.
3354 2341 3488 2403 vnt).

1910 2419 2099 2475 Adhuc
2113 2419 2337 2475 nutabat
2351 2422 2693 2488 visus,adhuc
2715 2424 2978 2492 caligabat
2993 2433 3259 2494 aspectus.
3293 2427 3493 2482 Deinde

1912 2511 2108 2564 iterum
2140 2506 2406 2581 impositis
2435 2515 2701 2579 manibus,
2733 2525 2945 2572 remoto
2976 2519 3121 2572 omni
3152 2521 3496 2574 tenebrarum

1910 2617 2113 2668 errore,
2138 2603 2318 2657 lumen
2343 2605 2546 2659 clarum
2567 2607 2715 2660 suavi
2745 2607 3036 2676 'splendore
3061 2611 3312 2679 suscepit.
3358 2609 3493 2666 llui‘c

1909 2695 2138 2751 Domino
2165 2705 2348 2751 nostro
2363 2695 2488 2752 Jesu
2503 2697 2716 2752 Christo
2732 2715 2945 2769 semper
2959 2702 3156 2771 gratias
3178 2703 3489 2766 referamus,

1910 2787 1999 2841 cui
2030 2787 2311 2855 imperium
2347 2789 2396 2842 in
2426 2789 2618 2843 saecula
2648 2789 2984 2845 sasculorum.
3016 2791 3205 2846 Amen.

2014 2874 2121 2930 XI.
2159 2877 2291 2931 Item
2322 2879 2397 2932 de
2418 2879 2630 2934 lectione
2657 2882 2946 2951 evangelica
2977 2881 3143 2937 Marc.
3173 2891 3264 2949 m,
3294 2884 3382 2939 4%.
3418 2870 3424 2876 l

1982 2963 2283 3020 Recitatum
2314 2973 2397 3021 est
2424 2967 2586 3022 hodie
2608 3008 2623 3032 ,
2664 2969 2795 3043 quia
2825 2965 3235 3027 cum'Dominus
3267 2973 3493 3032 sedisset

1909 3060 1962 3113 in
1993 3058 2194 3129 templo
2224 3070 2411 3116 contra
2439 3061 2902 3134 gazophylacium,
2929 3065 3063 3120 vidit
3083 3067 3262 3122 turbas
3284 3061 3494 3136 jac'tan-

1911 3158 1992 3205 tes
2023 3151 2072 3205 in
2103 3147 2519 3222 gazophylacio;
2569 3162 2623 3207 et
2660 3153 2852 3222 divites
2897 3157 3060 3210 multa
3103 3159 3231 3211 vidit
3260 3161 3492 3227 mittere,

225 3249 282 3302 in
306 3264 368 3303 se
395 3248 663 3304 Christum
707 3255 1008 3317 gestantes,
1042 3255 1203 3316 atque
1234 3247 1286 3300 in
1315 3245 1552 3299 moribus
1577 3245 1692 3313 ejus
1721 3244 1804 3298 di-
1834 3236 1880 3298 C
1911 3248 1962 3294 et
2000 3256 2158 3293 unam
2207 3241 2421 3295 viduam
2469 3244 2850 3312 pauperculam
2899 3245 3190 3312 jactantem
3233 3249 3340 3303 duo
3389 3266 3493 3305 seru

224 3341 512 3412 sciplinam
543 3340 801 3394 habentes
827 3354 856 3392 a
888 3319 1096 3394 cm'teris
1125 3337 1370 3409 plebibus
1397 3335 1670 3391 honorari.
1700 3335 1811 3389 Deo

225 3434 450 3504 gratias.

227 3521 302 3577 Χ.
348 3522 476 3578 Item
505 3523 566 3577 de
595 3523 809 3578 lectione
856 3523 1024 3576 sancti
1054 3519 1325 3592 Evangelii
1355 3520 1541 3574 Matth.
1576 3535 1684 3581 xxv,
1723 3518 1808 3572 20.

302 3613 552 3668 Recitata
581 3621 662 3668 est
694 3613 856 3669 lectio
884 3612 974 3667 ubi
1015 3611 1262 3667 Salvator
1305 3611 1371 3666 de
1397 3612 1632 3681 quinque
1661 3607 1831 3680 pani-'

229 3704 336 3761 bus
363 3705 623 3759 saturavit
648 3703 890 3775 quinque
909 3703 1076 3758 millia
1102 3702 1403 3771 hominum,
1433 3711 1487 3757 et
1519 3702 1586 3756 de
1607 3701 1815 3756 duobus

228 3795 473 3867 piscibus
497 3837 514 3862 ,
555 3803 610 3849 et
651 3794 865 3850 collecti
905 3802 1031 3851 sunt
1075 3792 1358 3849 duodecim
1404 3792 1620 3862 cophini
1649 3791 1808 3860 pleni.

228 3885 444 3942 Deinde
490 3885 630 3956 quod
678 3885 873 3940 iterum
918 3884 986 3939 de
1024 3892 1230 3954 septem
1289 3883 1514 3953 panibus
1559 3882 1816 3936 saturavit

227 3986 470 4048 quatuor
515 3977 677 4031 millia
723 3965 1028 4042 homin'um,
1068 3985 1123 4032 et
1161 3976 1397 4032 collectas
1444 3984 1570 4030 sunt
1610 3983 1813 4045 septem

228 4075 434 4137 sporta:
473 4067 646 4137 plemn
690 4067 1127 4136 fragmentorum.
1180 4065 1412 4121 Curatur
1431 4075 1486 4122 et
1514 4066 1678 4120 homo
1700 4082 1816 4119 mn-

231 4166 339 4222 tus,
374 4165 430 4211 et
457 4155 686 4211 surdus:
723 4155 947 4226 Exspuit
983 4155 1268 4222 Dominus,
1310 4163 1360 4208 et
1400 4155 1562 4224 tetigit
1588 4155 1815 4225 linguam

230 4249 373 4319 ejus,
395 4261 446 4302 et
470 4249 608 4302 misit
637 4249 824 4319 digitos
846 4249 899 4301 in
923 4249 1186 4302 auriculas
1214 4247 1328 4317 ejus
1350 4263 1368 4300 :
1399 4255 1448 4299 et
1476 4246 1732 4315 aspiciens
1751 4245 1815 4298 in

227 4340 421 4394 caelum
447 4340 716 4410 ingemuit,
745 4348 794 4392 et
822 4339 930 4392 ait:
961 4337 1226 4408 Ephet/ta,
1265 4337 1399 4408 quod
1420 4346 1496 4390 est
1516 4336 1832 4405 adaperire;

228 4438 284 4484 et
302 4430 528 4484 solutum
548 4439 625 4482 est
645 4431 899 4484 vinculum
920 4429 1112 4500 lingua:
1133 4427 1266 4498 ejus,
1289 4435 1690 4496 et-apertte-sunt
1717 4442 1814 4479 au-

227 4536 315 4574 res
339 4519 474 4588 ejus,
495 4528 544 4572 et
567 4520 864 4576 loauebatur
884 4529 1020 4572 recte
1047 4517 1240 4588 (Marc.
1272 4519 1386 4585 vn).
1434 4515 1599 4571 Curat
1626 4524 1681 4571 et
1709 4531 1816 4572 ca:-

1913 3330 2136 3384 minuta.
2173 3329 2240 3383 Et
2270 3347 2554 3386 convocans
2584 3331 2862 3403 discipulos
2895 3351 3011 3388 suos
3041 3338 3115 3388 ait
3149 3337 3253 3391 illis
3276 3325 3306 3391 :i
3333 3339 3493 3395 Amen

1916 3422 2031 3476 dico
2060 3420 2195 3476 robis
2219 3461 2233 3487 ,
2265 3423 2507 3493 quoniam
2550 3423 2702 3476 vidua
2745 3423 2854 3478 Itwc
2886 3441 3082 3495 pauper
3127 3426 3239 3496 plus
3263 3429 3495 3482 omnibus

1915 3517 2073 3570 misit.
2107 3513 2298 3569 Omnes
2331 3517 2467 3570 enim
2510 3533 2576 3570 ex
2611 3533 2670 3570 eo
2711 3516 2845 3587 quod
2888 3515 2984 3570 sibi
3022 3519 3226 3571 abanda
3260 3521 3297 3573 it
3343 3524 3494 3574 mise-

1914 3601 2197 3675 runt;lta:c
2226 3625 2342 3663 vero
2385 3608 2448 3662 de
2493 3610 2708 3678 pecunia
2749 3626 2844 3663 sua
2891 3625 3091 3664 omnem
3129 3628 3274 3682 quem
3321 3612 3495 3666 [tabuit

1915 3700 2098 3753 victum
2119 3689 2356 3754 misit.'0
2384 3688 2679 3754 amatorem
2708 3700 3108 3767 misericordize,
3141 3703 3231 3771 qui
3262 3716 3367 3756 non
3399 3720 3494 3758 co-

1915 3793 2032 3862 pias
2059 3791 2315 3858 divitum,
2355 3792 2448 3846 sed
2487 3807 2781 3862 pauperum
2810 3792 2989 3846 laudat
3015 3795 3317 3862 angustias!
3350 3793 3495 3864 Opus

1915 3883 2180 3954 prtecipue
2211 3883 2548 3954 paupercula:
2579 3882 2737 3954 765
2767 3897 2877 3952 prie
2911 3884 3121 3938 caneris
3148 3885 3494 3957 commenda-

1909 3973 2019 4040 .vit;
2070 3981 2124 4028 et
2166 3970 2306 4029 inter
2343 3971 2724 4028 abundantium
2762 3973 2943 4042 copias
2969 3974 3089 4044 plus
3117 3975 3295 4030 valere
3323 3976 3498 4030 modii-

1918 4081 2074 4122 eum:
2125 4065 2377 4133 quoniam
2427 4065 2493 4117 ab
2523 4064 2613 4118 illo
2643 4079 2752 4118 non
2781 4064 3065 4118 multitudo
3100 4065 3372 4133 pecuuize,
3405 4066 3502 4120 sed

1917 4153 2374 4230 mentis'devotio
2419 4153 2822 4222 comprobatur.
2871 4154 2916 4207 0
2963 4153 3178 4207 beatam
3219 4162 3274 4208 et
3296 4153 3500 4221 justam

1916 4245 2149 4308 viduam,
2178 4258 2297 4313 qum
2324 4244 2523 4297 meruit
2546 4251 2670 4297 ante
2695 4242 2879 4311 judicii
2903 4241 3042 4297 diem
3067 4243 3302 4297 laudari!
3356 4245 3499 4299 Misit

1919 4335 1972 4390 in
1994 4333 2374 4405 ga‘zophylacio
2403 4348 2508 4387 aera
2539 4333 2741 4387 minuta
2771 4332 2898 4397 duo,
2929 4340 2984 4387 et
3013 4332 3231 4386 tantilla:
3261 4333 3497 4389 eleemo—

1919 4440 2065 4497 synae
2093 4438 2346 4489 munere,
2387 4426 2640 4490 "magnum
2669 4422 2931 4478 mercedis
2957 4421 3234 4492 praemium
3265 4422 3497 4490 acquisi-

1919 4517 2026 4581 vit;
2061 4524 2142 4580 et,
2177 4522 2233 4568 ut
2260 4514 2391 4568 mihi
2418 4512 2650 4582 videtur,
2686 4512 2892 4568 duobus
2922 4513 3070 4578 istis,
3105 4511 3252 4566 velut
3277 4512 3496 4581 quibus--

227 4622 360 4664 cum
409 4607 673 4677 impositis
719 4607 1002 4673 manibus,
1051 4616 1106 4661 et
1146 4617 1370 4662 caeteras
1398 4607 1624 4660 virtutes
1652 4605 1817 4661 efﬁcit
1844 4613 1895 4673 D
1919 4607 2042 4662 dam
2089 4607 2298 4661 duabus
2345 4607 2444 4660 alis
2491 4606 2695 4660 elevata
2733 4615 2893 4674 atque
2932 4620 3188 4675 suspensa
3214 4605 3277 4659 ad
3309 4605 3497 4657 altiora

227 4697 550 4754 sanitatum.
587 4696 825 4766 Ubique,
857 4695 1078 4760 fratres,
1131 4695 1375 4750 Christus
1415 4695 1671 4749 Dominus
1694 4709 1812 4748 om-

231 4789 394 4843 nibus
415 4795 501 4842 e‘st
540 4788 768 4853 sanitas,
800 4802 987 4842 omnes
1016 4787 1208 4856 pascit,
1233 4785 1394 4857 ’164
1422 4800 1610 4840 omnes
1639 4792 1811 4848 curat,

228 4894 429 4934 omnes
457 4867 728 4945 viviticat,
758 4893 946 4933 omnes
989 4875 1276 4944 subvenit,
1326 4877 1573 4931 omnibus
1603 4875 1818 4930 misere-

228 4980 342 5037 tur,
369 4979 558 5041 utpote
585 4971 726 5026 Deus
752 4971 926 5025 omnis
952 4981 1228 5031 creatura},
1259 4969 1349 5037 qui
1377 4985 1406 5021 a
1436 4967 1596 5034 Patre
1625 4968 1820 5021 missus

228 5059 487 5129 imaginis
532 5075 641 5115 sua:
687 5061 940 5125 dolores,
993 5061 1139 5113 varia
1185 5059 1494 5113 morborum
1533 5042 1818 5113 v‘exatione

225 5161 478 5219 remota,
509 5169 699 5209 curare
731 5154 980 5222 dignatus
1016 5153 1116 5207 εει.
1161 5151 1437 5206 Bcnedicit
1481 5166 1648 5220 panes
1676 5151 1817 5221 pari—

223 5255 426 5316 terque
450 5255 506 5300 et
533 5246 704 5315 pisces
722 5285 737 5311 ,
781 5254 837 5300 ut
861 5244 1192 5299 .ostenderet
1226 5259 1283 5298 se
1306 5259 1424 5299 esse
1446 5252 1599 5297 terra:
1629 5243 1815 5297 maris-

221 5353 340 5408 que
365 5337 610 5408 opilieem
635 5379 650 5404 ,
696 5337 786 5406 qui
817 5328 996 5391 omnia
1027 5348 1081 5391 et
1109 5337 1159 5390 in
1191 5337 1379 5402 terris,
1406 5345 1460 5389 et
1483 5338 1532 5390 in
1560 5336 1711 5404 aquis
1739 5335 1818 5390 di-

225 5429 360 5482 vina
390 5428 631 5496 largitate
659 5427 923 5482 concedit.
958 5425 1246 5482 Duodecim
1271 5425 1504 5495 cophini,
1536 5433 1589 5479 et
1612 5435 1814 5494 septem

221 5522 407 5595 plena:
454 5521 779 5589 colliguntur
820 5527 1033 5589 spor-tte,
1078 5527 1136 5572 ut
1159 5526 1212 5573 et
1237 5517 1602 5586 apostolorum
1629 5531 1817 5570 nume-

221 5629 326 5670 rus
375 5623 429 5668 et
478 5613 834 5668 Ecclesiarum
879 5611 1124 5680 largitate
1167 5609 1362 5664 Christi
1393 5609 1686 5663 exuberare
1715 5623 1815 5662 no-

1919 4699 2183 4768 pervenit.
2232 4697 2440 4752 invenit
2479 4697 2657 4751 locum
2688 4696 2739 4749 iu
2769 4696 2934 4761 cmlo,
2966 4690 3084 4765 qua:
3111 4695 3383 4764 angustias
3414 4705 3497 4748 to—

1919 4790 2208 4844 lerabat-in
2233 4789 2450 4843 saeculo.
2495 4788 2551 4841 In
2581 4797 2870 4857 conspectu
2897 4788 3279 4866 discipulorum
3311 4795 3365 4843 et
3390 4788 3498 4842 Do-

1918 4883 2094 4938 minus
2123 4881 2363 4937 exhibuit
2398 4879 2787 4945 testimonium,
2831 4887 2886 4934 ut
2915 4880 3168 4950 probaret
3197 4880 3358 4934 etiam
3387 4879 3498 4933 exi-

1917 4989 2073 5043 guam
2113 4967 2510 5042 eleemosynam
2543 4985 2789 5038 mag-nam
2827 4970 2966 5040 apud
3007 4955 3289 5025 Dominum
3319 4986 3378 5024 se
3402 4971 3498 5024 ha-

1923 5067 2051 5119 bere
2097 5061 2437 5127 mercedem;
2504 5061 2647 5132 quod
2693 5061 2820 5116 dicit
2875 5070 2929 5116 et
2975 5063 3165 5116 beatus
3211 5046 3500 5130 Apostdlus

1923 5151 2174 5225 quoniam
2207 5157 2222 5185 ¹
2255 5155 2339 5225 qui
2369 5154 2509 5223 large
2536 5153 2792 5216 seminat,
2835 5152 2978 5223 large
3015 5162 3062 5206 et
3101 5161 3287 5218 metet;
3330 5162 3380 5207 et
3415 5153 3500 5224 qui

1924 5247 2141 5300 seminat
2177 5246 2232 5298 in
2274 5244 2625 5298 benedictione
2649 5283 2662 5306 ,
2693 5244 2747 5296 in
2779 5241 3125 5297 benedictione
3153 5253 3202 5297 et
3234 5253 3384 5298 metet
3413 5244 3500 5316 (II

1924 5338 2042 5394 Cor.
2069 5339 2165 5408 vt).
2209 5338 2444 5393 Hilarem
2481 5337 2623 5390 enim
2684 5335 2925 5390 datorem
2974 5335 3145 5405 diligit
3187 5337 3361 5403 Deus;
3410 5338 3502 5405 qui

1920 5431 2062 5484 enim
2112 5431 2414 5491 miseretur,
2464 5425 2883 5482 miscricordiam
2918 5436 3295 5496 consequetur,
3328 5435 3383 5482 ct
3410 5428 3499 5494 qui

1921 5520 2282 5574 communicat
2311 5518 2691 5587 indigentibus,
2724 5516 3032 5573 coelestibus
3061 5518 3293 5587 praemiis
3322 5501 3500 5571 cumu-

1922 5609 2077 5664 latur.
2110 5609 2297 5663 .Iunior
2325 5609 2420 5678 fui,
2455 5607 2622 5675 inquit
2647 5606 2836 5674 David,
2877 5616 2922 5660 et
2965 5609 3140 5674 senui,
3189 5617 3238 5663 et
3275 5623 3376 5662 non
3400 5605 3499 5660 vidi

300 5778 318 5810 ⁸
361 5776 463 5843 Qui
486 5767 640 5843 parce
674 5778 912 5842 seminat,
952 5789 1105 5840 parce
1133 5785 1178 5828 et
1214 5782 1395 5839 metet,
1427 5779 1532 5827 etc.
1563 5770 1637 5826 Ita
1669 5771 1913 5840 Vulgata.
