4138 6196
593 364 702 421 819

1827 362 1882 419 S.
1924 362 2170 423 MAXIM!
2210 361 2297 418 TA
2306 361 2661 424 URINENSIS

3770 370 3919 431 830‘

592 481 785 549 justum
811 478 1137 545 derelictum,
1181 493 1346 551 neque
1382 488 1553 531 semen
1584 476 1694 547 ejus
1715 492 1948 545 (fumeus
1976 492 2181 545 panem.
2215 478 2262 538 Α
2290 488 2411 547 gent
2456 481 2541 550 qui
2586 480 2719 534 bona
2765 491 3030 553 gesserunt
3074 484 3129 537 in
3178 485 3604 540 resurrectionem
3628 487 3766 555 vita,
3794 489 3910 560 qui

595 573 726 628 Tota
746 571 831 624 die
859 572 1126 624 miseretur
1153 576 1204 624 et
1228 568 1523 624 commodat
1546 568 1582 634 ,'
1605 578 1654 622 et
1683 585 1851 623 semen
1872 570 1983 639 ejus
2021 569 2072 622 in
2098 567 2185 623 be-

593 661 884 715 nedictione
904 662 1001 714 erit
1022 659 1194 731 (Psal.
1227 658 1432 731 xxxvi).
1468 658 1622 714 Unde
1652 659 1841 715 beatus
1865 658 2029 714 Isaias
2053 674 2182 729 pro-

591 752 757 823 pheta
803 761 1114 808 commonet
1161 752 1474 818 universos,
1524 760 1582 807 et
1604 753 1850 807 hortatur
1880 750 1947 805 ad
1974 752 2185 807 miseri-

592 844 792 901 cordia:
846 859 1012 915 opera
1034 885 1050 912 ,
1112 843 1343 899 dicens:
1388 844 1404 875 ι
1448 841 1663 915 Frange
1708 843 1953 896 esurienti
1998 858 2185 913 panem

591 944 767 1001 tuum,
815 946 865 990 et
897 952 1084 1007 egenos
1112 936 1225 990 sine
1256 943 1384 991 tecto
1404 934 1559 990 induc
1596 935 1649 988 in
1680 934 1886 989 domum
1909 943 2069 988 tuam.
2123 933 2185 989 Si

592 1028 778 1083 videris
807 1028 1022 1093 nudum,
1046 1029 1192 1090 vesti,
1225 1036 1276 1080 et
1303 1028 1609 1082 domesticos
1629 1028 1838 1081 seminis
1860 1027 1932 1081 tui
1960 1043 2061 1082 non
2091 1025 2184 1081 de-

593 1119 796 1189 spicies.
842 1118 984 1171 Tunc
1024 1126 1253 1185 ermnpet
1301 1127 1690 1185 temjioranenm
1738 1117 1911 1170 lumen
1944 1124 2105 1179 tuum,
2136 1125 2187 1171 et

595 1214 892 1266 vestimenta
916 1220 1001 1263 tua
1032 1211 1133 1263 cito
1162 1210 1409 1275 orientur,
1440 1217 1489 1261 et
1512 1206 1714 1279 prwibit
1739 1217 1861 1262 ante
1881 1217 1929 1261 te
1947 1207 2184 1277 justitia;

596 1304 812 1360 claritas
844 1302 945 1356 Dei
993 1300 1333 1355 circumdabit
1385 1310 1433 1354 te
1477 1299 1632 1371 (Isai.
1666 1299 1838 1370 mn),
1886 1308 1942 1355 et
1968 1308 2181 1355 cmtera.

593 1391 754 1461 Ergo,
787 1392 981 1447 fratres
999 1432 1014 1458 ,
1039 1392 1107 1446 de
1136 1405 1245 1460 quo
1287 1390 1547 1445 Dominus
1571 1390 1752 1459 largiri
1780 1390 2053 1459 dignatur,
2084 1388 2182 1444 de-

594 1498 714 1538 mus
739 1484 999 1538 esurienti
1030 1486 1227 1552 cibum,
1255 1487 1455 1541 sitienti
1475 1495 1662 1556 potum
1682 1526 1697 1552 ,
1728 1485 1870 1540 nudo
1898 1485 2183 1540 indumen-

597 1583 742 1640 tum,
771 1577 1057 1645 peregrino
1095 1578 1420 1646 hospitium,
1452 1577 1666 1631 intirmo
1702 1576 2049 1631 exhibeamus
2092 1576 2188 1631 mi-

596 1665 874 1720 nisterium
899 1708 913 1733 ,
949 1665 1149 1723 afﬂicto
1176 1667 1426 1723 solatium
1446 1707 1462 1733 ,
1492 1668 1544 1721 in
1575 1666 1959 1738 gazophylacio
1981 1708 1996 1734 ,
2020 1674 2183 1736 prout

599 1755 855 1823 valemus,
884 1759 1080 1827 saepius
1105 1772 1420 1828 operemur;
1451 1757 1593 1812 oculi
1623 1757 1767 1811 enim
1797 1756 2009 1810 Domini
2037 1770 2183 1811 sem-

2285 578 2456 626 autem
2492 572 2632 625 mala
2670 573 2726 626 in
2756 573 3182 629 resurrectionem
3209 574 3397 644 judicii
3427 576 3604 647 (Joan.
3639 577 3717 650 v).
3769 578 3909 650 Ipsi

2284 658 2453 727 gloria
2479 669 2534 715 et
2557 660 2839 731 imperium
2867 663 2921 717 in
2950 664 3165 719 saecula.
3195 664 3387 720 Amen.

2354 748 2531 805 XIII.
2565 747 2696 805 Item
2727 751 2790 806 de
2828 764 3007 807 sancto
3035 752 3317 826 Evangelia
3346 754 3536 811 Matth.
3570 773 3714 825 xxvs,
3744 760 3821 814 7.

2356 840 2566 897 Dictum
2592 851 2675 899 est
2702 844 2851 915 quia,
2870 845 3245 903 discumbente
3264 846 3495 904 Domino
3523 850 3575 905 in
3601 852 3914 919 convivio,

2283 936 2434 992 venit
2459 936 2703 1006 quasdam
2731 937 2925 994 mulier
2958 939 3229 1008 peccatrix
3250 980 3265 1006 ,
3298 948 3521 1010 portans
3547 943 3910 999 alabastrum

2284 1027 2580 1098 unguenti,
2628 1036 2685 1083 et
2728 1036 2876 1084 stans
2903 1028 2972 1084 ad
2992 1029 3217 1099 vestigia
3251 1030 3497 1100 Domini,
3528 1033 3781 1105 lacrymis
3819 1036 3909 1089 ri-

2285 1119 2448 1187 gabat
2473 1117 2589 1189 ejus
2615 1119 2781 1190 pedes
2802 1160 2817 1186 ,
2868 1127 2923 1175 et
2963 1120 3170 1191 capillis
3200 1123 3478 1192 tergebat,
3507 1132 3562 1178 et
3588 1125 3907 1180 osculaba-

2284 1218 2393 1276 tur,
2419 1219 2476 1265 et
2502 1219 2776 1279 unguento
2822 1211 3076 1279 angebat.
3133 1213 3253 1268 Non
3293 1213 3528 1269 audebat
3554 1230 3609 1270 se
3635 1217 3909 1271 sanctis-

2285 1301 2435 1357 simis
2447 1302 2755 1372 aspectibus
2777 1302 3116 1372 impudenter
3137 1304 3412 1372 ingerere;
3437 1321 3536 1361 nec
3559 1306 3608 1359 in
3631 1306 3911 1363 tenebris

2285 1391 2579 1447 constituta
2608 1400 2993 1462 peccatorum,
3036 1382 3305 1448 tantillum
3347 1395 3402 1449 in
3439 1395 3522 1450 his
3549 1404 3763 1466 poterat
3796 1413 3909 1451 ra-

2286 1480 2404 1539 dios
2430 1482 2697 1559 sustinere
2714 1522 2729 1546 ,
2761 1482 2856 1538 sed
2886 1482 2952 1539 ad
2980 1483 3145 1553 pedes
3172 1485 3351 1540 stabat
3378 1486 3718 1542 novissimam
3744 1503 3911 1559 par-

2286 1582 2398 1628 tem
2426 1572 2541 1641 ejus
2566 1573 2810 1644 corporis
2852 1574 3085 1630 adorans
3104 1616 3120 1644 ,
3166 1584 3223 1631 et
3258 1577 3407 1633 velut
3433 1578 3530 1634 sub
3558 1580 3913 1637 umbraculo

2286 1663 2482 1732 pedum
2510 1662 2848 1732 refrigerium
2884 1665 3040 1737 767
3071 1674 3416 1736 peccatorum
3455 1683 3670 1724 suormn
3710 1670 3910 1727 ardo-

2287 1756 2435 1811 ribus
2456 1757 2844 1826 conquirebat;
2886 1757 3112 1812 credens
3138 1759 3399 1827 quoniam
3425 1776 3620 1830 corpus
3646 1772 3908 1832 propter

595 1863 690 1918 per
712 1864 813 1903 nos
839 1849 1118 1904 intuentur
1146 1864 1466 1919 semperque
1491 1847 1705 1911 adsunt,
1731 1857 1787 1902 et
1813 1849 1864 1902 in
1888 1848 2034 1902 omni
2064 1848 2184 1903 loco
2215 1841 2259 1901 B
2288 1846 2660 1901 remissionem
2697 1855 3045 1917 peccatorum
3080 1858 3426 1918 susceperat,
3466 1851 3628 1920 pedes
3654 1851 3904 1907 oscula-

593 1939 942 2008 spcculantur
985 1940 1158 1995 bonos
1187 1946 1242 1993 et
1271 1939 1442 1993 malos
1463 1978 1483 2005 ,
1532 1938 1791 1993 reddituri
1818 1938 2185 2007 unusquisque

595 2030 866 2084 rationem
909 2029 1206 2087 secundum
1252 2044 1420 2100 opera
1466 2028 1625 2100 ejus:
1669 2029 1770 2100 ipsi
1799 2029 1974 2100 gloria
1997 2028 2051 2084 in
2081 2046 2183 2085 sac-

602 2120 741 2177 cnla.
767 2118 960 2175 Amen.

706 2211 757 2268 Χ
765 2211 791 2266 I
801 2214 847 2266 Ι.
885 2212 1019 2266 Item
1048 2214 1114 2267 de
1147 2212 1366 2267 lectione
1397 2212 1693 2283 evangelica
1725 2210 1885 2267 Joan.
1917 2226 1991 2277 ιι,
2025 2209 2075 2264 l.

668 2302 977 2359 Recitatum
1023 2310 1109 2359 est
1156 2303 1319 2375 nobis
1360 2302 1521 2358 hodie
1548 2303 1605 2356 in
1632 2301 1689 2356 S.
1720 2300 2013 2369 Evangelio
2042 2298 2187 2369 quod

597 2396 887 2451 suscitatus
914 2395 1035 2451 sita
1055 2394 1282 2451 Domino
1310 2393 1544 2449 Lazarus
1565 2393 1974 2464 quatriduanus,
1999 2388 2209 2448 orante'

600 2488 721 2556 ipso
744 2483 1024 2540 Salvatore
1055 2485 1123 2539 ad
1161 2485 1378 2541 Patrem
1414 2494 1469 2541 et
1496 2485 1745 2541 dicente:
1777 2486 1959 2552 Pater,
1990 2486 2188 2557 gratias

600 2593 701 2649 ago
723 2575 811 2629 tibi
840 2576 962 2644 quia
987 2575 1180 2630 audisti
1209 2593 1322 2641 me;
1368 2587 1418 2629 et
1449 2593 1542 2648 ego
1581 2575 1805 2630 sciebam
1831 2577 1952 2645 quia
1988 2592 2189 2645 semper

600 2686 681 2722 me
708 2668 897 2733 audis;
918 2667 1029 2737 ;sed
1073 2676 1282 2738 propter
1308 2669 1550 2738 populum
1587 2670 1673 2739 qui
1710 2670 2008 2721 circumstat
2029 2668 2191 2739 766

599 2760 733 2828 dixi,
754 2768 810 2813 ut
831 2757 1043 2813 credant
1065 2759 1186 2827 quia
1211 2775 1291 2812 me
1311 2759 1529 2823 misisti;
1554 2767 1609 2813 et
1635 2765 1755 2829 post
1779 2759 1799 2788 ³
1830 2758 2145 2829 lacrymavit
2172 2774 2183 2808 :

600 2849 823 2916 Lazare,
848 2850 964 2903 veni
992 2851 1169 2921 foras;
1201 2860 1249 2905 et
1277 2852 1453 2905 statim
1491 2851 1685 2921 prodiit
1716 2851 1804 2922 qui
1844 2851 2014 2921 fuerat
2045 2866 2187 2904 mor-

602 2952 737 3009 tuus,
762 2942 952 3016 ligatus
972 2942 1124 3013 pedes
1153 2951 1203 2996 et
1234 2960 1416 2997 manus
1438 2944 1658 3009 institis;
1698 2951 1746 2997 et
1768 2944 1930 3013 [acies
1956 2944 2070 3015 ejus
2098 2959 2187 2997 su-

601 3035 753 3090 dario
791 3043 904 3091 erat
932 3034 1205 3106 colligata;
1246 3044 1295 3088 et
1326 3035 1488 3105 jussit
1519 3051 1635 3090 eum
1660 3035 1790 3091 solvi
1815 3044 1865 3089 et
1888 3036 1964 3089 ire
2003 3034 2185 3107 (Joan.

599 3126 695 3198 ιι).
728 3126 945 3193 Audite,
976 3125 1207 3181 fratres:
1230 3125 1447 3195 jacebat
1466 3123 1653 3181 Lazari
1673 3141 1868 3196 corpus
1893 3132 2189 3193 mortuum,

2288 1937 2465 2003 batur,
2516 1946 2573 1994 et
2620 1938 2869 2009 lacrymis
2912 1938 3205 2007 irrigabat,
3255 1950 3310 1994 et
3356 1940 3595 2009 tergebat
3636 1942 3904 2011 capillis,

2287 2027 2481 2097 quibus
2509 2028 2832 2097 peragrabat
2858 2028 3067 2084 diversa
3096 2028 3237 2097 loca,
3268 2036 3325 2084 et
3342 2045 3464 2085 sese
3484 2033 3689 2087 cunctis
3718 2031 3907 2088 inﬁr-

2287 2118 2564 2173 mitatibus
2598 2118 2777 2174 lumen
2818 2118 3152 2174 salutiferam
3192 2120 3471 2176 olferebat.
3516 2121 3653 2191 Ergo
3679 2124 3909 2179 mulier

2288 2205 2390 2264 ista
2417 2204 2689 2279 peccatrii
2714 2216 2769 2263 et
2790 2209 2989 2275 oculis,
3019 2219 3073 2264 et
3099 2208 3337 2265 crinibus
3354 2251 3368 2276 ,
3399 2220 3454 2266 et
3478 2211 3651 2277 labiis,
3679 2212 3907 2281 quibus

2290 2301 2523 2354 maxime
2548 2308 2891 2370 peccatorum
2920 2299 3047 2354 vitia
3077 2307 3452 2367 contraxerat,
3485 2302 3609 2373 ipsis
3635 2303 3905 2371 paenite-

2288 2389 2402 2456 bat,
2432 2398 2487 2444 et
2515 2389 2900 2460 indulgentiam
2922 2391 3294 2461 conquirebat.
3320 2392 3575 2448 Dominus
3597 2407 3750 2461 vero,
3784 2397 3907 2465 qui

2289 2496 2502 2551 semper
2529 2482 2643 2535 vult
2666 2482 3039 2551 pamitentinm
3066 2483 3339 2539 medicare
3368 2483 3669 2553 languores,
3703 2487 3787 2540 ait.
3821 2490 3903 2543 ad

2289 2590 2448 2629 eam:
2479 2573 2499 2604 ³
2538 2572 2878 2628 Dimittentur
2907 2573 2999 2627 tibi
3024 2584 3235 2645 peccata
3267 2584 3387 2642 tua;
3425 2585 3479 2631 et
3507 2576 3741 2631 iterum:
3782 2578 3907 2632 Di-

2290 2669 2553 2721 mittentur
2569 2668 2615 2721 ei
2636 2674 2845 2736 peccata
2870 2665 3051 2731 ntulta,
3074 2667 3195 2737 quia
3219 2666 3401 2720 dilexit
3421 2668 3631 2721 multum
3656 2667 3907 2738 (Matth.

2292 2757 2461 2825 xxvx).
2491 2755 2535 2812 Ο
2563 2758 2734 2829 pictas
2762 2757 3176 2813 inmstimabilisl
3230 2757 3460 2813 reddidit
3498 2775 3596 2829 pro
3635 2760 3770 2815 fletu
3805 2760 3907 2816 lae

2292 2849 2463 2903 titiam
2486 2890 2499 2908 .
2551 2857 2607 2903 et
2644 2856 2996 2918 aegrotantem
3028 2849 3080 2903 in
3118 2850 3274 2905 malis
3317 2850 3429 2906 suis
3457 2860 3606 2907 curat
3631 2852 3907 2911 medicus

2292 2939 2396 2995 iste
2422 2938 2692 2995 cmlestis:
2741 2946 2801 2994 ut
2847 2939 2937 2994 ubi
2983 2937 3159 2995 fuerat
3202 2939 3507 3011 desperatio
3530 2940 3906 3009 delictorum,

2290 3032 2447 3087 ﬁeret
2470 3031 2731 3088 securitas
2757 3031 3094 3102 gaudiorum.
3140 3031 3230 3086 Ait
3268 3030 3487 3088 adhuc:
3530 3033 3659 3103 ﬁdes
3702 3044 3803 3087 tua
3851 3044 3908 3088 te

2292 3122 2489 3176 salvam
2514 3121 2673 3194 fecit;
2703 3120 2839 3177 vade
2867 3121 2920 3176 in
2949 3128 3105 3192 pace,
3135 3121 3256 3190 fuge
3284 3123 3534 3179 vitiorum
3561 3123 3728 3192 bella,
3757 3140 3906 3181 am-

596 3224 760 3287 atque
786 3215 1037 3271 exanime
1086 3215 1138 3270 in
1168 3216 1436 3286 sepulcro,
1466 3223 1524 3272 et
1551 3214 1800 3284 languida
1827 3214 2102 3281 membra,
2134 3214 2187 3269 in
2214 3213 2261 3277 C
2290 3214 2416 3270 bula
2446 3214 2499 3269 in
2520 3228 2658 3285 pace
2682 3213 2970 3285 pudicitiae,
3000 3214 3051 3267 in
3083 3213 3427 3281 humilitatis,
3457 3213 3799 3281 sobrietatis,
3836 3224 3906 3271 et

595 3308 791 3377 quibus
812 3308 923 3362 vita
946 3322 1054 3363 non
1084 3305 1259 3363 fuerat
1280 3322 1377 3379 per
1396 3308 1767 3379 quatriduum,
1792 3307 2051 3378 paulatim
2075 3308 2184 3364 dis-

594 3398 945 3454 solvehantur
970 3398 1025 3454 in
1054 3399 1282 3455 tumulo.
1324 3396 1455 3455 Orat
1478 3399 1723 3455 Christus
1749 3398 1817 3454 ad
1846 3398 2059 3455 Patrem
2079 3440 2094 3465 ,
2129 3408 2185 3455 et

598 3498 844 3545 mortuus
863 3491 1057 3560 recipit
1088 3489 1260 3557 vires;
1290 3490 1559 3561 supplicat
1587 3489 1852 3557 Genitori,
1886 3499 1942 3547 et
1970 3490 2059 3546 ille
2090 3490 2181 3544 lir-

599 3588 792 3637 matur.
825 3579 1035 3636 Clamat
1059 3580 1252 3637 deinde
1277 3599 1290 3635 :
1335 3580 1565 3648 Lazare,
1589 3582 1701 3635 veni
1727 3583 1901 3653 foras,
1932 3589 1989 3637 et
2015 3597 2180 3653 expa-

598 3674 772 3729 vescit
817 3689 965 3730 mors
991 3715 1006 3741 ,
1056 3674 1425 3731 contremiscit
1468 3673 1747 3741 infernus,
1786 3675 2080 3744 statimque
2128 3674 2183 3729 in

597 3784 731 3825 voce
758 3767 1053 3824 Salvatoris
1083 3770 1375 3823 animatum
1397 3770 1664 3825 excutitur
1692 3784 1911 3838 corpus,
1942 3776 1997 3823 et
2024 3768 2185 3823 obvo-

596 3857 704 3912 luta
745 3857 1145 3913 linteaminibus
1186 3859 1423 3913 membra
1470 3859 1619 3912 vitali
1658 3867 1809 3913 motu
1856 3858 2177 3915 fervescunt.

594 3946 752 4001 lubet
792 3962 916 4000 eum
955 3947 1213 4002 Dominus
1259 3948 1394 4002 solvi
1441 3958 1498 4002 et
1543 3950 1721 4014 abire,
1768 3964 1837 4003 ne
1863 3950 2182 4018 phantasma

594 4042 955 4107 rcputaretur.
987 4035 1133 4091 Solvi
1151 4035 1324 4106 jubet,
1356 4045 1414 4091 ut
1442 4045 1497 4093 et
1526 4037 1814 4107 ligamenta
1831 4037 1943 4107 jam
1964 4039 2181 4094 humida

598 4138 655 4187 et
691 4145 889 4201 corpus
916 4138 1305 4200 agnoscerent,
1355 4139 1517 4200 atque
1560 4131 1798 4187 recentia
1826 4132 2067 4186 membra
2090 4146 2179 4186 re-

597 4222 740 4279 centi
770 4221 975 4292 pallore
1003 4221 1266 4277 viderent.
1317 4220 1565 4277 Ostendit
1597 4221 1856 4277 Dominus
1892 4222 1948 4276 in
1976 4220 2181 4278 Lazaro

594 4313 786 4369 futurae
833 4313 1243 4369 resurrectionis
1287 4314 1537 4368 indicium
1561 4355 1579 4379 ,
1622 4315 1760 4368 sicut
1785 4323 1840 4368 et
1876 4314 1927 4368 in
1960 4313 2069 4369 tilio
2096 4314 2179 4369 vi-

592 4406 711 4461 dua:
731 4446 745 4469 ,
774 4414 831 4460 et
858 4405 911 4459 in
940 4405 1047 4459 lilia
1075 4404 1504 4476 arcbisynagogi.
1552 4402 1812 4459 Poterant
1837 4404 2055 4474 quippe,
2089 4420 2180 4459 ca-

591 4495 789 4552 rissimi
811 4533 831 4561 ,
871 4494 942 4550 ad
988 4510 1150 4549 unam
1178 4509 1369 4549 vocem
1415 4492 1713 4550 Salvatoris
1758 4510 1946 4550 omnes
1978 4496 2181 4565 pariter

592 4586 793 4644 mortui
821 4586 1063 4641 suscitati
1098 4597 1419 4653 exsurgere,
1469 4584 1573 4639 nisi
1602 4585 1916 4640 nominatim
1943 4586 2181 4655 singulos

590 4684 976 4742 convocasset;
1004 4675 1127 4731 ideo
1157 4675 1382 4745 singulis
1413 4674 1628 4731 dicebat
1653 4693 1666 4729 :
1707 4674 1926 4743 Lazare,
1950 4678 2062 4732 veni
2092 4678 2174 4749 fo-

591 4788 713 4837 ras;
738 4770 1049 4826 Adolescens
1070 4809 1086 4836 ,
1130 4767 1220 4823 tibi
1250 4768 1364 4825 dico
1382 4807 1399 4833 ,
1428 4784 1600 4842 surge.
1646 4769 1797 4836 Tibi,
1828 4770 2029 4842 inquit,
2052 4771 2176 4826 dico

593 4860 964 4917 tantummodo
1005 4858 1074 4915 ad
1097 4867 1334 4931 praesens
1361 4866 1601 4930 tempus,
1633 4868 1716 4927 tu,
1743 4877 1897 4933 surge
1916 4877 1935 4915 :
1970 4860 2176 4916 Talium

592 4950 747 5019 curui,
776 4951 921 5021 quod
950 4958 1050 5016 est,
1076 4950 1268 5021 puella,
1300 4966 1470 5021 surge.
1502 4949 1643 5018 Ergo
1672 4952 1931 5021 singulos,
1957 4961 2016 5007 ut
2041 4952 2172 5018 dixi,

592 5044 929 5099 nominatim.
962 5042 1030 5098 Et
1057 5043 1257 5098 amavit
1286 5052 1345 5097 ut
1372 5041 1518 5114 quod
1537 5043 1590 5098 in
1616 5044 1836 5112 singulis
1858 5044 2089 5110 videtur,
2121 5045 2175 5099 in

594 5132 841 5189 omnibus
886 5135 1211 5203 generaliter
1254 5134 1490 5189 futurum
1536 5134 1906 5202 intelligatur:
1952 5135 2067 5205 ipse
2093 5143 2177 5190 est

592 5220 850 5278 Dominus
877 5231 1082 5293 noster,
1135 5224 1227 5295 qui
1266 5234 1523 5280 venturus
1557 5234 1640 5280 est
1676 5224 1921 5295 judicare
1945 5227 2097 5282 vivos
2123 5236 2179 5282 et

590 5319 856 5379 mortuos,
884 5314 1036 5383 cujus
1062 5331 1254 5374 vocem
1280 5317 1512 5372 audituri
1538 5326 1665 5373 sunt
1692 5332 1912 5385 omnes;
1941 5326 1990 5372 et
2013 5335 2180 5385 resur-

660 5497 679 5531 ¹
718 5496 931 5569 Frange
962 5498 1202 5569 esurienti
1246 5505 1635 5569 panem_tuum,
1675 5506 1726 5551 et
1761 5511 1947 5569 egenos
1986 5512 2167 5569 uagos:

584 5584 683 5637 que
704 5566 946 5623 induc'in
979 5567 1185 5621 domum
1216 5566 1373 5622 tuam.
1420 5567 1546 5622 Cum
1568 5566 1996 5637 viderisnudum,
2027 5568 2168 5634 aperi

582 5634 735 5705 eum,
764 5648 814 5692 et
852 5654 1059 5692 carnem
1105 5646 1247 5690 tuam
1291 5655 1354 5691 ne
1402 5638 1713 5707 despexeris.
1759 5634 1900 5690 Tunc
1939 5647 2167 5704 erumpet

583 5712 735 5778 quasi
756 5725 908 5763 mane
931 5711 1101 5763 lumen
1132 5715 1294 5771 tuum,
1310 5716 1369 5778 et
1397 5710 1596 5761 sanitas
1626 5718 1713 5761 tua
1728 5708 1930 5778 circiter
1951 5707 2164 5778 orietur,

587 5776 637 5837 et
664 5779 882 5838 anteibit
905 5781 1097 5850 [aciem
1130 5788 1271 5833 tuam
1290 5777 1494 5845 justitia
1534 5788 1649 5843 tua,
1683 5789 1729 5831 ct
1758 5777 1925 5848 gloria
1958 5776 2166 5832 Domini

2286 3316 2482 3364 caetera
2490 3346 2504 3361 .

2385 3397 2548 3453 XIV.
2574 3396 2707 3452 Item
2727 3398 2789 3451 de
2817 3398 3035 3453 lectione
3062 3398 3356 3471 evangelica
3386 3397 3575 3452 Matth.
3603 3415 3656 3463 v,
3683 3398 3773 3454 ﬂ.

2357 3491 2447 3545 Ait
2469 3490 2725 3546 Dominus
2749 3508 2760 3543 :
2799 3488 2898 3545 Vos
2919 3491 3040 3545 estis
3062 3492 3151 3545 tua:
3174 3492 3324 3561 hujus
3344 3491 3540 3546 mundi.
3567 3490 3689 3547 Non
3706 3502 3909 3562 potest

2284 3582 2461 3637 civitas
2490 3580 2732 3636 abscondi
2760 3598 2912 3652 super
2930 3592 3153 3637 montem
3179 3584 3376 3654 posita,
3402 3599 3559 3655 neque
3587 3584 3909 3641 accendunt

2282 3672 2545 3726 lucernam
2564 3713 2579 3736 ,
2612 3681 2662 3726 et
2684 3682 2880 3743 ponunt
2908 3690 3023 3726 eam
3048 3672 3140 3727 sub
3169 3674 3361 3739 modio,
3385 3673 3477 3728 sed
3502 3690 3657 3741 supra
3678 3676 3906 3729 cande-

2284 3760 2506 3831 labrum,
2535 3770 2589 3814 ut
2620 3762 2787 3816 luceat
2821 3762 3059 3817 omnibus
3098 3764 3183 3834 qui
3222 3764 3276 3818 in
3318 3763 3471 3819 domo
3499 3773 3646 3829 sunt,
3676 3772 3735 3819 et
3760 3781 3903 3821 ca:-

2283 3862 2417 3911 tera.

2352 3947 2495 4018 Ergo
2524 3964 2641 4015 vos,
2672 3948 2845 4020 inquit
2867 3949 3164 4020 discipulis,
3188 3949 3319 4004 Estis
3341 3949 3432 4003 lux
3460 3947 3619 4017 hujus
3645 3950 3855 4007 mundi
3878 3972 3897 4005 :

2282 4055 2394 4095 non
2434 4048 2616 4110 potest
2652 4042 2841 4097 civitas
2884 4040 3140 4096 abscondi
3184 4055 3344 4111 supra
3391 4049 3630 4096 montem
3669 4042 3898 4111 posita.

2282 4128 2502 4186 Certum
2525 4138 2610 4186 est
2635 4131 2758 4201 quia
2787 4132 2976 4187 civitas
3017 4146 3179 4203 supra
3214 4140 3453 4187 montem
3483 4132 3658 4202 posita
3689 4135 3897 4189 omni-

2280 4221 2382 4278 bus
2418 4222 2584 4291 lucet,
2617 4231 2672 4278 et
2698 4223 2946 4278 omnibus
2970 4223 3114 4279 clara
3141 4231 3243 4288 est,
3271 4230 3326 4277 et
3352 4222 3609 4278 abscondi
3636 4238 3754 4278 non
3775 4240 3900 4294 po-

2283 4321 2407 4369 test.
2448 4312 2563 4370 Hoc
2597 4313 2856 4369 Dominus
2880 4314 2933 4369 in
2964 4313 3132 4383 ﬁgura
3162 4313 3546 4383 discipulorum
3579 4328 3679 4383 per
3708 4330 3896 4385 para-

2279 4405 2433 4461 bolas
2479 4406 2818 4475 loquebatur.
2885 4404 3087 4461 Civitas
3129 4421 3364 4477 namque
3417 4421 3579 4477 supra
3627 4416 3900 4465 montem

2281 4496 2457 4565 posita
2499 4496 2679 4551 anima
2724 4496 3037 4564 intelligitur
3063 4496 3116 4550 in
3139 4495 3355 4553 Christo
3383 4497 3619 4561 sociata,
3669 4514 3794 4567 qm:
3828 4500 3903 4556 in

2210 4582 2261 4642 D
2285 4586 2402 4658 ipso
2429 4597 2673 4655 constat,
2710 4597 2766 4643 et
2806 4586 2909 4643 ﬁde
2932 4586 3053 4657 ejus
3079 4596 3261 4644 erecta
3287 4588 3499 4658 longius
3525 4588 3751 4645 eminet.
3782 4589 3907 4647 Ci-

2284 4678 2421 4734 vitas
2463 4678 2587 4735 ideo
2631 4679 2828 4736 dicitur
2868 4680 3075 4747 anima,
3127 4680 3254 4751 quia
3292 4680 3347 4734 in
3396 4680 3512 4751 ipsa
3550 4682 3908 4753 conscriptae

2283 4776 2410 4824 sunt
2428 4768 2574 4837 leges
2600 4776 2654 4823 et
2675 4768 2798 4837 jura
2825 4768 3007 4824 divina
3033 4787 3044 4821 :
3080 4768 3180 4834 Qui
3202 4770 3495 4837 ostendunt,
3516 4770 3715 4841 inquit,
3742 4790 3915 4842 opus

2282 4862 2408 4932 legis
2454 4861 2799 4927 conscriptum
2842 4861 2897 4914 in
2944 4859 3183 4916 cordibus
3230 4862 3337 4916 suis
3379 4861 3558 4932 (Rom.
3591 4861 3673 4931 ιι).
3730 4862 3911 4933 Ergo

2284 4968 2391 5008 non
2434 4958 2617 5022 potest
2654 4951 2844 5006 civitas
2890 4951 3142 5008 abscondi
3186 4967 3348 5023 supra
3389 4961 3630 5007 montem
3672 4953 3913 5023 posita-

2283 5044 2437 5099 Mons
2464 5043 2709 5098 Christus
2738 5041 2915 5098 dictus
2934 5050 3018 5098 est
3041 5058 3072 5096 a
3099 5050 3288 5098 sancto
3316 5043 3580 5114 propheta
3606 5042 3852 5100 Daniele
3883 5068 3904 5104 :

2292 5137 2465 5202 Venit,
2489 5136 2683 5205 inquit,
2713 5137 2767 5191 in
2789 5144 3000 5201 terrain,
3022 5143 3071 5189 et
3094 5137 3262 5207 factus
3283 5146 3359 5190 est
3384 5152 3533 5189 mons
3553 5152 3795 5206 magnus,
3840 5149 3911 5191 es

2279 5227 2506 5297 implevit
2535 5243 2735 5282 omnem
2772 5236 2962 5282 terram
2994 5225 3225 5297 (Daniel.
3256 5224 3346 5297 ιι),
3386 5241 3637 5281 crescens
3666 5226 3721 5280 in
3747 5241 3911 5283 cre—

2279 5318 2518 5374 dentium
2548 5318 2837 5374 mentibus.
2880 5316 2981 5373 llic
3002 5316 3237 5388 (Daniel.
3266 5317 3429 5387 cvvn)
3455 5325 3511 5372 ct
3535 5318 3673 5387 lapis
3696 5316 3919 5376 dictus

2272 5495 2476 5599 colliget
2508 5504 2571 5599 te.
2602 5493 2682 5599 ita
2703 5492 2948 5599 Vulgata.

2347 5566 2367 5599 ³
2400 5564 2566 5619 Forte
2594 5564 2852 5618 clamavit.
3816 5575 3823 5578 '

2347 5636 2367 5667 '
2406 5636 2629 5705 Propter
2665 5634 2801 5704 quod
2841 5634 2955 5689 dico
3007 5632 3130 5705 tibi,
3180 5632 3607 5705 remittuntungi
3638 5645 3925 5705 peccata

2273 5710 2453 5763 multa.
2486 5701 2732 5775 quoniam
2759 5705 2942 5759 dilexit
2971 5704 3206 5775 multum.
3229 5703 3363 5775 huc.
3394 5717 3489 5768 vn,
3515 5701 3606 5758 47.
3638 5701 3885 5761 Item
3907 5725 3927 5761 :

2274 5771 2623 5831 Remittuntur
2650 5775 2738 5829 tibi
2764 5784 2995 5846 peccata.
3026 5774 3103 5830 Ita
3135 5788 3201 5829 ex
3229 5771 3486 5834 Vulgata.
