  <div class='ocr_page' id='page_1' title='image "/cluster/home/n/w/nwhite01/storage/ocr_20150623/57/hvd.32044054758669/450.png"; bbox 0 0 4138 6196; ppageno 0'>
   <div class='ocr_carea' id='block_1_1' title="bbox 354 330 455 384">
    <p class='ocr_par' dir='ltr' id='par_1_1' title="bbox 354 330 455 384">
     <span class='ocr_line' id='line_1_1' title="bbox 354 330 455 384; baseline -0.01 0"><span class='ocrx_word' id='word_1_1' title='bbox 354 330 455 384; x_wconf 63' lang='grc'><strong>821</strong></span> 
     </span>
    </p>
   </div>
   <div class='ocr_carea' id='block_1_2' title="bbox 1163 280 2763 378">
    <p class='ocr_par' dir='ltr' id='par_1_2' title="bbox 1163 280 2763 378">
     <span class='ocr_line' id='line_1_2' title="bbox 1163 280 2763 378; baseline -0.001 -1"><span class='ocrx_word' id='word_1_2' title='bbox 1163 280 1252 378; x_wconf 51' lang='lat' dir='ltr'><strong>Dii</strong></span> <span class='ocrx_word' id='word_1_3' title='bbox 1292 319 1645 377; x_wconf 80' lang='lat' dir='ltr'><strong>CAPITULIS</strong></span> <span class='ocrx_word' id='word_1_4' title='bbox 1683 318 2216 376; x_wconf 71' lang='lat' dir='ltr'><strong>EVANCELIORUM</strong></span> <span class='ocrx_word' id='word_1_5' title='bbox 2256 305 2763 376; x_wconf 41' lang='lat' dir='ltr'><strong>EX‘POSITIONES.</strong></span> 
     </span>
    </p>
   </div>
   <div class='ocr_carea' id='block_1_3' title="bbox 3505 328 3607 382">
    <p class='ocr_par' dir='ltr' id='par_1_3' title="bbox 3505 328 3607 382">
     <span class='ocr_line' id='line_1_3' title="bbox 3505 328 3607 382; baseline 0 0"><span class='ocrx_word' id='word_1_6' title='bbox 3505 328 3607 382; x_wconf 66' lang='lat' dir='ltr'><strong>sas</strong></span> 
     </span>
    </p>
   </div>
   <div class='ocr_carea' id='block_1_4' title="bbox 356 432 3607 508">
    <p class='ocr_par' dir='ltr' id='par_1_4' title="bbox 356 432 3607 508">
     <span class='ocr_line' id='line_1_4' title="bbox 356 432 3607 508; baseline 0 -14"><span class='ocrx_word' id='word_1_7' title='bbox 356 449 441 495; x_wconf 89' lang='lat' dir='ltr'><strong>est</strong></span> <span class='ocrx_word' id='word_1_8' title='bbox 483 436 751 508; x_wconf 88' lang='lat' dir='ltr'><strong>angularis</strong></span> <span class='ocrx_word' id='word_1_9' title='bbox 781 437 832 491; x_wconf 95' lang='lat' dir='ltr'><strong>in</strong></span> <span class='ocrx_word' id='word_1_10' title='bbox 860 435 1036 506; x_wconf 88' lang='lat' dir='ltr'><strong>capite</strong></span> <span class='ocrx_word' id='word_1_11' title='bbox 1062 435 1239 504; x_wconf 98' lang='lat' dir='ltr'><strong>anguli</strong></span> <span class='ocrx_word' id='word_1_12' title='bbox 1269 435 1475 504; x_wconf 90' lang='lat' dir='ltr'><strong>positus</strong></span> <span class='ocrx_word' id='word_1_13' title='bbox 1497 472 1511 497; x_wconf 90' lang='lat'><strong>,</strong></span> <span class='ocrx_word' id='word_1_14' title='bbox 1553 434 1645 500; x_wconf 88' lang='lat' dir='ltr'><strong>qui</strong></span> <span class='ocrx_word' id='word_1_15' title='bbox 1674 433 1807 488; x_wconf 90' lang='lat' dir='ltr'><strong>duos</strong></span> <span class='ocrx_word' id='word_1_16' title='bbox 1831 448 1928 502; x_wconf 87' lang='lat' dir='ltr'><strong>po-</strong></span> <span class='ocrx_word' id='word_1_17' title='bbox 1955 437 1997 490; x_wconf 80' lang='grc' dir='ltr'><strong>Α</strong></span> <span class='ocrx_word' id='word_1_18' title='bbox 2032 434 2307 503; x_wconf 79' lang='lat' dir='ltr'><strong>prophetae</strong></span> <span class='ocrx_word' id='word_1_19' title='bbox 2357 442 2416 488; x_wconf 90' lang='lat' dir='ltr'><strong>ut</strong></span> <span class='ocrx_word' id='word_1_20' title='bbox 2451 432 2732 488; x_wconf 79' lang='lat' dir='ltr'><strong>aedilicium</strong></span> <span class='ocrx_word' id='word_1_21' title='bbox 2783 432 3038 490; x_wconf 65' lang='lat' dir='ltr'><strong>Ecclesiae</strong></span> <span class='ocrx_word' id='word_1_22' title='bbox 3081 449 3176 504; x_wconf 89' lang='lat' dir='ltr'><strong>per</strong></span> <span class='ocrx_word' id='word_1_23' title='bbox 3213 451 3339 501; x_wconf 85' lang='lat' dir='ltr'><strong>eos,</strong></span> <span class='ocrx_word' id='word_1_24' title='bbox 3376 437 3607 495; x_wconf 88' lang='lat' dir='ltr'><strong>donante</strong></span> 
     </span>
    </p>
   </div>
   <div class='ocr_carea' id='block_1_5' title="bbox 358 526 1932 600">
    <p class='ocr_par' dir='ltr' id='par_1_5' title="bbox 358 526 1932 600">
     <span class='ocr_line' id='line_1_5' title="bbox 358 526 1932 600; baseline -0.004 -16"><span class='ocrx_word' id='word_1_25' title='bbox 358 532 537 600; x_wconf 91' lang='lat' dir='ltr'><strong>pulos,</strong></span> <span class='ocrx_word' id='word_1_26' title='bbox 557 532 701 585; x_wconf 88' lang='lat' dir='ltr'><strong>velut</strong></span> <span class='ocrx_word' id='word_1_27' title='bbox 728 529 866 583; x_wconf 91' lang='lat' dir='ltr'><strong>duos</strong></span> <span class='ocrx_word' id='word_1_28' title='bbox 894 528 1128 598; x_wconf 80' lang='lat' dir='ltr'><strong>parietes</strong></span> <span class='ocrx_word' id='word_1_29' title='bbox 1168 543 1199 581; x_wconf 89' lang='lat' dir='ltr'><strong>e</strong></span> <span class='ocrx_word' id='word_1_30' title='bbox 1244 526 1456 581; x_wconf 89' lang='lat' dir='ltr'><strong>diverso</strong></span> <span class='ocrx_word' id='word_1_31' title='bbox 1500 526 1776 579; x_wconf 79' lang='lat' dir='ltr'><strong>venientes</strong></span> <span class='ocrx_word' id='word_1_32' title='bbox 1798 564 1813 589; x_wconf 93' lang='lat'><strong>,</strong></span> <span class='ocrx_word' id='word_1_33' title='bbox 1865 540 1932 579; x_wconf 85' lang='lat' dir='ltr'><strong>ex</strong></span> 
     </span>
    </p>
   </div>
   <div class='ocr_carea' id='block_1_6' title="bbox 357 616 1931 689">
    <p class='ocr_par' dir='ltr' id='par_1_6' title="bbox 357 616 1931 689">
     <span class='ocr_line' id='line_1_6' title="bbox 357 616 1931 689; baseline -0.005 -13"><span class='ocrx_word' id='word_1_34' title='bbox 357 621 767 676; x_wconf 87' lang='lat' dir='ltr'><strong>circumcisione</strong></span> <span class='ocrx_word' id='word_1_35' title='bbox 805 628 860 675; x_wconf 89' lang='lat' dir='ltr'><strong>et</strong></span> <span class='ocrx_word' id='word_1_36' title='bbox 889 620 1176 689; x_wconf 64' lang='lat' dir='ltr'><strong>praeputio,</strong></span> <span class='ocrx_word' id='word_1_37' title='bbox 1205 619 1257 672; x_wconf 91' lang='lat' dir='ltr'><strong>in</strong></span> <span class='ocrx_word' id='word_1_38' title='bbox 1287 633 1390 671; x_wconf 90' lang='lat' dir='ltr'><strong>una</strong></span> <span class='ocrx_word' id='word_1_39' title='bbox 1421 617 1523 671; x_wconf 83' lang='lat' dir='ltr'><strong>lide</strong></span> <span class='ocrx_word' id='word_1_40' title='bbox 1550 616 1821 685; x_wconf 75' lang='lat' dir='ltr'><strong>copulavit</strong></span> <span class='ocrx_word' id='word_1_41' title='bbox 1849 624 1931 669; x_wconf 87' lang='lat' dir='ltr'><strong>at-</strong></span> 
     </span>
    </p>
   </div>
   <div class='ocr_carea' id='block_1_7' title="bbox 356 706 1934 782">
    <p class='ocr_par' dir='ltr' id='par_1_7' title="bbox 356 706 1934 782">
     <span class='ocr_line' id='line_1_7' title="bbox 356 706 1934 782; baseline -0.007 -14"><span class='ocrx_word' id='word_1_42' title='bbox 356 727 467 782; x_wconf 87' lang='lat' dir='ltr'><strong>que</strong></span> <span class='ocrx_word' id='word_1_43' title='bbox 496 710 790 779; x_wconf 75' lang='lat' dir='ltr'><strong>conjunxit.</strong></span> <span class='ocrx_word' id='word_1_44' title='bbox 823 709 889 764; x_wconf 85' lang='lat' dir='ltr'><strong>Et</strong></span> <span class='ocrx_word' id='word_1_45' title='bbox 911 711 1103 764; x_wconf 89' lang='lat' dir='ltr'><strong>merito</strong></span> <span class='ocrx_word' id='word_1_46' title='bbox 1126 717 1211 763; x_wconf 90' lang='lat' dir='ltr'><strong>est</strong></span> <span class='ocrx_word' id='word_1_47' title='bbox 1239 708 1291 762; x_wconf 89' lang='lat' dir='ltr'><strong>in</strong></span> <span class='ocrx_word' id='word_1_48' title='bbox 1322 708 1528 777; x_wconf 90' lang='lat' dir='ltr'><strong>capite,</strong></span> <span class='ocrx_word' id='word_1_49' title='bbox 1556 708 1680 776; x_wconf 88' lang='lat' dir='ltr'><strong>quia</strong></span> <span class='ocrx_word' id='word_1_50' title='bbox 1711 706 1823 775; x_wconf 88' lang='lat' dir='ltr'><strong>ipse</strong></span> <span class='ocrx_word' id='word_1_51' title='bbox 1852 712 1934 759; x_wconf 89' lang='lat' dir='ltr'><strong>est</strong></span> 
     </span>
    </p>
   </div>
   <div class='ocr_carea' id='block_1_8' title="bbox 356 796 1934 873">
    <p class='ocr_par' dir='ltr' id='par_1_8' title="bbox 356 796 1934 873">
     <span class='ocr_line' id='line_1_8' title="bbox 356 796 1934 873; baseline -0.004 -15"><span class='ocrx_word' id='word_1_52' title='bbox 356 812 518 873; x_wconf 88' lang='lat' dir='ltr'><strong>caput</strong></span> <span class='ocrx_word' id='word_1_53' title='bbox 567 802 848 869; x_wconf 61' lang='lat' dir='ltr'><strong>Ecclesiae,</strong></span> <span class='ocrx_word' id='word_1_54' title='bbox 892 801 983 871; x_wconf 89' lang='lat' dir='ltr'><strong>qui</strong></span> <span class='ocrx_word' id='word_1_55' title='bbox 1021 808 1075 855; x_wconf 88' lang='lat' dir='ltr'><strong>et</strong></span> <span class='ocrx_word' id='word_1_56' title='bbox 1120 799 1523 854; x_wconf 82' lang='lat' dir='ltr'><strong>fundamentum</strong></span> <span class='ocrx_word' id='word_1_57' title='bbox 1570 799 1777 853; x_wconf 89' lang='lat' dir='ltr'><strong>dicitur.</strong></span> <span class='ocrx_word' id='word_1_58' title='bbox 1846 796 1934 852; x_wconf 89' lang='lat' dir='ltr'><strong>Sic</strong></span> 
     </span>
    </p>
   </div>
   <div class='ocr_carea' id='block_1_9' title="bbox 357 889 1935 961">
    <p class='ocr_par' dir='ltr' id='par_1_9' title="bbox 357 889 1935 961">
     <span class='ocr_line' id='line_1_9' title="bbox 357 889 1935 961; baseline -0.004 -14"><span class='ocrx_word' id='word_1_59' title='bbox 357 894 507 947; x_wconf 87' lang='lat' dir='ltr'><strong>enim</strong></span> <span class='ocrx_word' id='word_1_60' title='bbox 535 892 609 945; x_wconf 85' lang='lat' dir='ltr'><strong>ait</strong></span> <span class='ocrx_word' id='word_1_61' title='bbox 639 892 956 961; x_wconf 88' lang='lat' dir='ltr'><strong>Apostolus:</strong></span> <span class='ocrx_word' id='word_1_62' title='bbox 990 889 1405 944; x_wconf 74' lang='lat' dir='ltr'><strong>Fundamentum</strong></span> <span class='ocrx_word' id='word_1_63' title='bbox 1433 890 1573 942; x_wconf 87' lang='lat' dir='ltr'><strong>aliud</strong></span> <span class='ocrx_word' id='word_1_64' title='bbox 1594 906 1739 943; x_wconf 87' lang='lat' dir='ltr'><strong>nemo</strong></span> <span class='ocrx_word' id='word_1_65' title='bbox 1774 898 1935 957; x_wconf 80' lang='lat' dir='ltr'><strong>potest</strong></span> 
     </span>
    </p>
   </div>
   <div class='ocr_carea' id='block_1_10' title="bbox 356 976 1935 1053">
    <p class='ocr_par' dir='ltr' id='par_1_10' title="bbox 356 976 1935 1053">
     <span class='ocr_line' id='line_1_10' title="bbox 356 976 1935 1053; baseline -0.004 -18"><span class='ocrx_word' id='word_1_66' title='bbox 356 999 551 1053; x_wconf 76' lang='lat' dir='ltr'><strong>ponere</strong></span> <span class='ocrx_word' id='word_1_67' title='bbox 578 992 764 1051; x_wconf 68' lang='lat' dir='ltr'><strong>pra’ter</strong></span> <span class='ocrx_word' id='word_1_68' title='bbox 802 980 856 1033; x_wconf 85' lang='lat' dir='ltr'><strong>id</strong></span> <span class='ocrx_word' id='word_1_69' title='bbox 883 980 1017 1038; x_wconf 82' lang='lat' dir='ltr'><strong>quod</strong></span> <span class='ocrx_word' id='word_1_70' title='bbox 1060 981 1280 1050; x_wconf 87' lang='lat' dir='ltr'><strong>positum</strong></span> <span class='ocrx_word' id='word_1_71' title='bbox 1320 988 1412 1043; x_wconf 87' lang='lat' dir='ltr'><strong>est,</strong></span> <span class='ocrx_word' id='word_1_72' title='bbox 1448 979 1582 1046; x_wconf 86' lang='lat' dir='ltr'><strong>quod</strong></span> <span class='ocrx_word' id='word_1_73' title='bbox 1602 987 1675 1031; x_wconf 88' lang='lat' dir='ltr'><strong>est</strong></span> <span class='ocrx_word' id='word_1_74' title='bbox 1706 976 1935 1030; x_wconf 77' lang='lat' dir='ltr'><strong>Christus</strong></span> 
     </span>
    </p>
   </div>
   <div class='ocr_carea' id='block_1_11' title="bbox 357 1070 1936 1144">
    <p class='ocr_par' dir='ltr' id='par_1_11' title="bbox 357 1070 1936 1144">
     <span class='ocr_line' id='line_1_11' title="bbox 357 1070 1936 1144; baseline -0.004 -15"><span class='ocrx_word' id='word_1_75' title='bbox 357 1075 513 1129; x_wconf 83' lang='lat' dir='ltr'><strong>Jesus</strong></span> <span class='ocrx_word' id='word_1_76' title='bbox 544 1073 598 1144; x_wconf 85' lang='grc'><strong>(1</strong></span> <span class='ocrx_word' id='word_1_77' title='bbox 629 1073 747 1127; x_wconf 90' lang='lat' dir='ltr'><strong>Cor.</strong></span> <span class='ocrx_word' id='word_1_78' title='bbox 772 1072 871 1142; x_wconf 83' lang='grc' dir='ltr'><strong>ιιι).</strong></span> <span class='ocrx_word' id='word_1_79' title='bbox 914 1074 1076 1143; x_wconf 76' lang='lat'><strong>768</strong></span> <span class='ocrx_word' id='word_1_80' title='bbox 1110 1070 1250 1138; x_wconf 88' lang='lat' dir='ltr'><strong>Ergo</strong></span> <span class='ocrx_word' id='word_1_81' title='bbox 1298 1079 1353 1125; x_wconf 93' lang='lat' dir='ltr'><strong>et</strong></span> <span class='ocrx_word' id='word_1_82' title='bbox 1393 1072 1525 1139; x_wconf 84' lang='lat' dir='ltr'><strong>lapis</strong></span> <span class='ocrx_word' id='word_1_83' title='bbox 1573 1070 1624 1123; x_wconf 92' lang='lat' dir='ltr'><strong>in</strong></span> <span class='ocrx_word' id='word_1_84' title='bbox 1654 1070 1853 1139; x_wconf 86' lang='lat' dir='ltr'><strong>capite,</strong></span> <span class='ocrx_word' id='word_1_85' title='bbox 1883 1078 1936 1123; x_wconf 89' lang='lat' dir='ltr'><strong>et</strong></span> 
     </span>
    </p>
   </div>
   <div class='ocr_carea' id='block_1_12' title="bbox 358 1163 1935 1239">
    <p class='ocr_par' dir='ltr' id='par_1_12' title="bbox 358 1163 1935 1239">
     <span class='ocr_line' id='line_1_12' title="bbox 358 1163 1935 1239; baseline -0.001 -21"><span class='ocrx_word' id='word_1_86' title='bbox 358 1164 763 1220; x_wconf 78' lang='lat' dir='ltr'><strong>fundamentum</strong></span> <span class='ocrx_word' id='word_1_87' title='bbox 826 1164 1099 1218; x_wconf 86' lang='lat' dir='ltr'><strong>deorsum.</strong></span> <span class='ocrx_word' id='word_1_88' title='bbox 1166 1164 1273 1218; x_wconf 92' lang='lat' dir='ltr'><strong>Cur</strong></span> <span class='ocrx_word' id='word_1_89' title='bbox 1315 1163 1613 1217; x_wconf 81' lang='lat' dir='ltr'><strong>deorsum?</strong></span> <span class='ocrx_word' id='word_1_90' title='bbox 1668 1164 1770 1217; x_wconf 89' lang='lat' dir='ltr'><strong>hoc</strong></span> <span class='ocrx_word' id='word_1_91' title='bbox 1813 1164 1935 1239; x_wconf 84' lang='lat' dir='ltr'><strong>quia</strong></span> 
     </span>
    </p>
   </div>
   <div class='ocr_carea' id='block_1_13' title="bbox 358 1252 1938 1324">
    <p class='ocr_par' dir='ltr' id='par_1_13' title="bbox 358 1252 1938 1324">
     <span class='ocr_line' id='line_1_13' title="bbox 358 1252 1938 1324; baseline -0.002 -13"><span class='ocrx_word' id='word_1_92' title='bbox 358 1256 606 1312; x_wconf 83' lang='lat' dir='ltr'><strong>Christus</strong></span> <span class='ocrx_word' id='word_1_93' title='bbox 629 1256 695 1311; x_wconf 88' lang='lat' dir='ltr'><strong>de</strong></span> <span class='ocrx_word' id='word_1_94' title='bbox 740 1255 1103 1324; x_wconf 85' lang='lat' dir='ltr'><strong>superioribus</strong></span> <span class='ocrx_word' id='word_1_95' title='bbox 1140 1263 1220 1309; x_wconf 90' lang='lat' dir='ltr'><strong>est</strong></span> <span class='ocrx_word' id='word_1_96' title='bbox 1246 1262 1300 1308; x_wconf 87' lang='lat' dir='ltr'><strong>et</strong></span> <span class='ocrx_word' id='word_1_97' title='bbox 1327 1254 1392 1308; x_wconf 93' lang='lat' dir='ltr'><strong>de</strong></span> <span class='ocrx_word' id='word_1_98' title='bbox 1422 1252 1795 1317; x_wconf 84' lang='lat' dir='ltr'><strong>inferioribus;</strong></span> <span class='ocrx_word' id='word_1_99' title='bbox 1827 1255 1938 1322; x_wconf 88' lang='lat' dir='ltr'><strong>ipse</strong></span> 
     </span>
    </p>
   </div>
   <div class='ocr_carea' id='block_1_14' title="bbox 356 1343 1937 1408">
    <p class='ocr_par' dir='ltr' id='par_1_14' title="bbox 356 1343 1937 1408">
     <span class='ocr_line' id='line_1_14' title="bbox 356 1343 1937 1408; baseline -0.004 -6"><span class='ocrx_word' id='word_1_100' title='bbox 356 1355 446 1403; x_wconf 83' lang='lat' dir='ltr'><strong>est</strong></span> <span class='ocrx_word' id='word_1_101' title='bbox 470 1347 611 1400; x_wconf 88' lang='lat' dir='ltr'><strong>Deus</strong></span> <span class='ocrx_word' id='word_1_102' title='bbox 655 1353 711 1401; x_wconf 90' lang='lat' dir='ltr'><strong>et</strong></span> <span class='ocrx_word' id='word_1_103' title='bbox 756 1345 937 1408; x_wconf 87' lang='lat' dir='ltr'><strong>homo,</strong></span> <span class='ocrx_word' id='word_1_104' title='bbox 974 1343 1203 1397; x_wconf 83' lang='lat' dir='ltr'><strong>Verbum</strong></span> <span class='ocrx_word' id='word_1_105' title='bbox 1242 1352 1298 1398; x_wconf 90' lang='lat' dir='ltr'><strong>et</strong></span> <span class='ocrx_word' id='word_1_106' title='bbox 1334 1359 1489 1406; x_wconf 87' lang='lat' dir='ltr'><strong>caro,</strong></span> <span class='ocrx_word' id='word_1_107' title='bbox 1520 1343 1670 1396; x_wconf 83' lang='lat' dir='ltr'><strong>vivus</strong></span> <span class='ocrx_word' id='word_1_108' title='bbox 1698 1343 1749 1395; x_wconf 93' lang='lat' dir='ltr'><strong>in</strong></span> <span class='ocrx_word' id='word_1_109' title='bbox 1778 1351 1937 1397; x_wconf 67' lang='lat' dir='ltr'><strong>(eter-</strong></span> 
     </span>
    </p>
   </div>
   <div class='ocr_carea' id='block_1_15' title="bbox 357 1433 1937 1503">
    <p class='ocr_par' dir='ltr' id='par_1_15' title="bbox 357 1433 1937 1503">
     <span class='ocr_line' id='line_1_15' title="bbox 357 1433 1937 1503; baseline -0.003 -12"><span class='ocrx_word' id='word_1_110' title='bbox 357 1452 511 1501; x_wconf 89' lang='lat' dir='ltr'><strong>num,</strong></span> <span class='ocrx_word' id='word_1_111' title='bbox 535 1443 591 1489; x_wconf 91' lang='lat' dir='ltr'><strong>et</strong></span> <span class='ocrx_word' id='word_1_112' title='bbox 617 1434 684 1488; x_wconf 91' lang='lat' dir='ltr'><strong>ad</strong></span> <span class='ocrx_word' id='word_1_113' title='bbox 712 1442 923 1503; x_wconf 88' lang='lat' dir='ltr'><strong>tempus</strong></span> <span class='ocrx_word' id='word_1_114' title='bbox 951 1441 1222 1497; x_wconf 83' lang='lat' dir='ltr'><strong>mortuus;</strong></span> <span class='ocrx_word' id='word_1_115' title='bbox 1246 1434 1386 1488; x_wconf 87' lang='lat' dir='ltr'><strong>aliud</strong></span> <span class='ocrx_word' id='word_1_116' title='bbox 1417 1434 1469 1488; x_wconf 92' lang='lat' dir='ltr'><strong>in</strong></span> <span class='ocrx_word' id='word_1_117' title='bbox 1500 1433 1714 1487; x_wconf 85' lang='lat' dir='ltr'><strong>Christo</strong></span> <span class='ocrx_word' id='word_1_118' title='bbox 1744 1434 1937 1503; x_wconf 89' lang='lat' dir='ltr'><strong>impas-</strong></span> 
     </span>
    </p>
   </div>
   <div class='ocr_carea' id='block_1_16' title="bbox 358 1522 1937 1593">
    <p class='ocr_par' dir='ltr' id='par_1_16' title="bbox 358 1522 1937 1593">
     <span class='ocr_line' id='line_1_16' title="bbox 358 1522 1937 1593; baseline -0.002 -14"><span class='ocrx_word' id='word_1_119' title='bbox 358 1524 521 1579; x_wconf 88' lang='lat' dir='ltr'><strong>sibile</strong></span> <span class='ocrx_word' id='word_1_120' title='bbox 539 1564 555 1588; x_wconf 90' lang='lat'><strong>,</strong></span> <span class='ocrx_word' id='word_1_121' title='bbox 588 1523 729 1577; x_wconf 82' lang='lat' dir='ltr'><strong>aliud</strong></span> <span class='ocrx_word' id='word_1_122' title='bbox 760 1522 1009 1593; x_wconf 89' lang='lat' dir='ltr'><strong>passibile</strong></span> <span class='ocrx_word' id='word_1_123' title='bbox 1031 1564 1047 1590; x_wconf 90' lang='lat'><strong>,</strong></span> <span class='ocrx_word' id='word_1_124' title='bbox 1078 1522 1222 1577; x_wconf 89' lang='lat' dir='ltr'><strong>aliud</strong></span> <span class='ocrx_word' id='word_1_125' title='bbox 1251 1530 1375 1578; x_wconf 89' lang='lat' dir='ltr'><strong>ante</strong></span> <span class='ocrx_word' id='word_1_126' title='bbox 1404 1532 1646 1593; x_wconf 90' lang='lat' dir='ltr'><strong>tempora</strong></span> <span class='ocrx_word' id='word_1_127' title='bbox 1664 1565 1678 1590; x_wconf 91' lang='lat'><strong>,</strong></span> <span class='ocrx_word' id='word_1_128' title='bbox 1711 1522 1856 1577; x_wconf 88' lang='lat' dir='ltr'><strong>aliud</strong></span> <span class='ocrx_word' id='word_1_129' title='bbox 1885 1523 1937 1576; x_wconf 93' lang='lat' dir='ltr'><strong>in</strong></span> 
     </span>
    </p>
   </div>
   <div class='ocr_carea' id='block_1_17' title="bbox 360 1622 629 1683">
    <p class='ocr_par' dir='ltr' id='par_1_17' title="bbox 360 1622 629 1683">
     <span class='ocr_line' id='line_1_17' title="bbox 360 1622 629 1683; baseline 0 -17"><span class='ocrx_word' id='word_1_130' title='bbox 360 1622 629 1683; x_wconf 88' lang='lat' dir='ltr'><strong>tempore.</strong></span> 
     </span>
    </p>
   </div>
   <div class='ocr_carea' id='block_1_18' title="bbox 435 1704 1933 1775">
    <p class='ocr_par' dir='ltr' id='par_1_18' title="bbox 435 1704 1933 1775">
     <span class='ocr_line' id='line_1_18' title="bbox 435 1704 1933 1775; baseline 0 -18"><span class='ocrx_word' id='word_1_131' title='bbox 435 1704 579 1773; x_wconf 84' lang='lat' dir='ltr'><strong>Ergo</strong></span> <span class='ocrx_word' id='word_1_132' title='bbox 620 1705 733 1775; x_wconf 87' lang='lat' dir='ltr'><strong>ipse</strong></span> <span class='ocrx_word' id='word_1_133' title='bbox 782 1719 939 1759; x_wconf 90' lang='lat' dir='ltr'><strong>mons</strong></span> <span class='ocrx_word' id='word_1_134' title='bbox 977 1704 1181 1771; x_wconf 90' lang='lat' dir='ltr'><strong>dictus,</strong></span> <span class='ocrx_word' id='word_1_135' title='bbox 1228 1706 1364 1775; x_wconf 87' lang='lat' dir='ltr'><strong>lapis</strong></span> <span class='ocrx_word' id='word_1_136' title='bbox 1400 1712 1455 1759; x_wconf 91' lang='lat' dir='ltr'><strong>et</strong></span> <span class='ocrx_word' id='word_1_137' title='bbox 1493 1704 1933 1769; x_wconf 78' lang='lat' dir='ltr'><strong>fundamentum;</strong></span> 
     </span>
    </p>
   </div>
   <div class='ocr_carea' id='block_1_19' title="bbox 2036 524 3605 595">
    <p class='ocr_par' dir='ltr' id='par_1_19' title="bbox 2036 524 3605 595">
     <span class='ocr_line' id='line_1_19' title="bbox 2036 524 3605 595; baseline 0.004 -17"><span class='ocrx_word' id='word_1_138' title='bbox 2036 525 2290 590; x_wconf 88' lang='lat' dir='ltr'><strong>Domino,</strong></span> <span class='ocrx_word' id='word_1_139' title='bbox 2333 534 2711 580; x_wconf 86' lang='lat' dir='ltr'><strong>construatur:</strong></span> <span class='ocrx_word' id='word_1_140' title='bbox 2745 525 2845 595; x_wconf 88' lang='lat' dir='ltr'><strong>ipsi</strong></span> <span class='ocrx_word' id='word_1_141' title='bbox 2882 524 3148 580; x_wconf 85' lang='lat' dir='ltr'><strong>Salvatori</strong></span> <span class='ocrx_word' id='word_1_142' title='bbox 3188 537 3371 582; x_wconf 86' lang='lat' dir='ltr'><strong>nostro</strong></span> <span class='ocrx_word' id='word_1_143' title='bbox 3412 538 3465 582; x_wconf 85' lang='lat' dir='ltr'><strong>et</strong></span> <span class='ocrx_word' id='word_1_144' title='bbox 3505 531 3605 585; x_wconf 86' lang='lat' dir='ltr'><strong>Do-</strong></span> 
     </span>
    </p>
   </div>
   <div class='ocr_carea' id='block_1_20' title="bbox 2036 617 3605 689">
    <p class='ocr_par' dir='ltr' id='par_1_20' title="bbox 2036 617 3605 689">
     <span class='ocr_line' id='line_1_20' title="bbox 2036 617 3605 689; baseline 0.006 -20"><span class='ocrx_word' id='word_1_145' title='bbox 2036 617 2182 672; x_wconf 89' lang='lat' dir='ltr'><strong>mino</strong></span> <span class='ocrx_word' id='word_1_146' title='bbox 2227 617 2353 672; x_wconf 80' lang='lat' dir='ltr'><strong>Jesu</strong></span> <span class='ocrx_word' id='word_1_147' title='bbox 2398 617 2617 672; x_wconf 87' lang='lat' dir='ltr'><strong>Christo</strong></span> <span class='ocrx_word' id='word_1_148' title='bbox 2660 618 2829 686; x_wconf 86' lang='lat' dir='ltr'><strong>gloria</strong></span> <span class='ocrx_word' id='word_1_149' title='bbox 2873 627 2928 673; x_wconf 87' lang='lat' dir='ltr'><strong>et</strong></span> <span class='ocrx_word' id='word_1_150' title='bbox 2976 619 3259 689; x_wconf 87' lang='lat' dir='ltr'><strong>imperium</strong></span> <span class='ocrx_word' id='word_1_151' title='bbox 3295 622 3347 675; x_wconf 91' lang='lat' dir='ltr'><strong>in</strong></span> <span class='ocrx_word' id='word_1_152' title='bbox 3394 623 3605 678; x_wconf 59' lang='lat' dir='ltr'><strong>secula.</strong></span> 
     </span>
    </p>
   </div>
   <div class='ocr_carea' id='block_1_21' title="bbox 2035 706 2224 759">
    <p class='ocr_par' dir='ltr' id='par_1_21' title="bbox 2035 706 2224 759">
     <span class='ocr_line' id='line_1_21' title="bbox 2035 706 2224 759; baseline 0 -1"><span class='ocrx_word' id='word_1_153' title='bbox 2035 706 2224 759; x_wconf 87' lang='lat' dir='ltr'><strong>Amen.</strong></span> 
     </span>
    </p>
   </div>
   <div class='ocr_carea' id='block_1_22' title="bbox 2141 796 3489 870">
    <p class='ocr_par' dir='ltr' id='par_1_22' title="bbox 2141 796 3489 870">
     <span class='ocr_line' id='line_1_22' title="bbox 2141 796 3489 870; baseline 0.004 -21"><span class='ocrx_word' id='word_1_154' title='bbox 2141 796 2268 850; x_wconf 80' lang='lat' dir='ltr'><strong>XV.</strong></span> <span class='ocrx_word' id='word_1_155' title='bbox 2302 796 2431 851; x_wconf 82' lang='lat' dir='ltr'><strong>Item</strong></span> <span class='ocrx_word' id='word_1_156' title='bbox 2462 799 2524 851; x_wconf 84' lang='lat' dir='ltr'><strong>de</strong></span> <span class='ocrx_word' id='word_1_157' title='bbox 2552 808 2730 853; x_wconf 87' lang='lat' dir='ltr'><strong>sancto</strong></span> <span class='ocrx_word' id='word_1_158' title='bbox 2760 799 3036 870; x_wconf 83' lang='lat' dir='ltr'><strong>Evangelia</strong></span> <span class='ocrx_word' id='word_1_159' title='bbox 3067 798 3255 853; x_wconf 75' lang='lat' dir='ltr'><strong>Matth.</strong></span> <span class='ocrx_word' id='word_1_160' title='bbox 3285 818 3410 864; x_wconf 80' lang='lat' dir='ltr'><strong>xvu,</strong></span> <span class='ocrx_word' id='word_1_161' title='bbox 3440 803 3489 855; x_wconf 82' lang='lat' dir='ltr'><strong>i.</strong></span> 
     </span>
    </p>
   </div>
   <div class='ocr_carea' id='block_1_23' title="bbox 2110 890 3605 960">
    <p class='ocr_par' dir='ltr' id='par_1_23' title="bbox 2110 890 3605 960">
     <span class='ocr_line' id='line_1_23' title="bbox 2110 890 3605 960; baseline 0.003 -16"><span class='ocrx_word' id='word_1_162' title='bbox 2110 890 2411 945; x_wconf 80' lang='lat' dir='ltr'><strong>Recitatum</strong></span> <span class='ocrx_word' id='word_1_163' title='bbox 2436 900 2519 946; x_wconf 90' lang='lat' dir='ltr'><strong>est</strong></span> <span class='ocrx_word' id='word_1_164' title='bbox 2547 893 2600 946; x_wconf 90' lang='lat' dir='ltr'><strong>in</strong></span> <span class='ocrx_word' id='word_1_165' title='bbox 2628 900 2815 947; x_wconf 89' lang='lat' dir='ltr'><strong>sancto</strong></span> <span class='ocrx_word' id='word_1_166' title='bbox 2843 892 3132 960; x_wconf 81' lang='lat' dir='ltr'><strong>Evangelia</strong></span> <span class='ocrx_word' id='word_1_167' title='bbox 3160 894 3230 947; x_wconf 89' lang='lat' dir='ltr'><strong>ita</strong></span> <span class='ocrx_word' id='word_1_168' title='bbox 3267 912 3277 946; x_wconf 93' lang='lat'><strong>:</strong></span> <span class='ocrx_word' id='word_1_169' title='bbox 3315 894 3440 947; x_wconf 80' lang='lat' dir='ltr'><strong>Post</strong></span> <span class='ocrx_word' id='word_1_170' title='bbox 3477 896 3605 960; x_wconf 84' lang='lat' dir='ltr'><strong>dies,</strong></span> 
     </span>
    </p>
   </div>
   <div class='ocr_carea' id='block_1_24' title="bbox 2038 981 3608 1052">
    <p class='ocr_par' dir='ltr' id='par_1_24' title="bbox 2038 981 3608 1052">
     <span class='ocr_line' id='line_1_24' title="bbox 2038 981 3608 1052; baseline 0.003 -18"><span class='ocrx_word' id='word_1_171' title='bbox 2038 981 2227 1051; x_wconf 85' lang='lat' dir='ltr'><strong>inquit,</strong></span> <span class='ocrx_word' id='word_1_172' title='bbox 2247 992 2335 1035; x_wconf 73' lang='lat' dir='ltr'><strong>sea:</strong></span> <span class='ocrx_word' id='word_1_173' title='bbox 2366 983 2641 1052; x_wconf 77' lang='lat' dir='ltr'><strong>assumpsit</strong></span> <span class='ocrx_word' id='word_1_174' title='bbox 2668 982 2697 1035; x_wconf 85' lang='lat' dir='ltr'><em>J</em></span> <span class='ocrx_word' id='word_1_175' title='bbox 2706 999 2821 1037; x_wconf 86' lang='lat' dir='ltr'><strong>esus</strong></span> <span class='ocrx_word' id='word_1_176' title='bbox 2846 982 3076 1047; x_wconf 86' lang='lat' dir='ltr'><strong>Petrum,</strong></span> <span class='ocrx_word' id='word_1_177' title='bbox 3099 984 3345 1039; x_wconf 86' lang='lat' dir='ltr'><strong>Jacobum</strong></span> <span class='ocrx_word' id='word_1_178' title='bbox 3375 994 3422 1037; x_wconf 87' lang='lat' dir='ltr'><strong>et</strong></span> <span class='ocrx_word' id='word_1_179' title='bbox 3444 985 3608 1039; x_wconf 84' lang='lat' dir='ltr'><strong>Joan-</strong></span> 
     </span>
    </p>
   </div>
   <div class='ocr_carea' id='block_1_25' title="bbox 2038 1073 3608 1143">
    <p class='ocr_par' dir='ltr' id='par_1_25' title="bbox 2038 1073 3608 1143">
     <span class='ocr_line' id='line_1_25' title="bbox 2038 1073 3608 1143; baseline 0.004 -18"><span class='ocrx_word' id='word_1_180' title='bbox 2038 1090 2153 1125; x_wconf 88' lang='lat' dir='ltr'><strong>nem</strong></span> <span class='ocrx_word' id='word_1_181' title='bbox 2200 1075 2410 1143; x_wconf 76' lang='lat' dir='ltr'><strong>fratrem</strong></span> <span class='ocrx_word' id='word_1_182' title='bbox 2438 1073 2567 1142; x_wconf 77' lang='lat' dir='ltr'><strong>ejus,</strong></span> <span class='ocrx_word' id='word_1_183' title='bbox 2595 1084 2645 1126; x_wconf 92' lang='lat' dir='ltr'><strong>et</strong></span> <span class='ocrx_word' id='word_1_184' title='bbox 2672 1074 2817 1127; x_wconf 73' lang='lat' dir='ltr'><strong>duxit</strong></span> <span class='ocrx_word' id='word_1_185' title='bbox 2859 1074 2974 1129; x_wconf 87' lang='lat' dir='ltr'><strong>illos</strong></span> <span class='ocrx_word' id='word_1_186' title='bbox 3004 1075 3055 1127; x_wconf 85' lang='lat' dir='ltr'><strong>in</strong></span> <span class='ocrx_word' id='word_1_187' title='bbox 3104 1086 3325 1130; x_wconf 89' lang='lat' dir='ltr'><strong>montem</strong></span> <span class='ocrx_word' id='word_1_188' title='bbox 3353 1078 3608 1132; x_wconf 74' lang='lat' dir='ltr'><strong>excelsum</strong></span> 
     </span>
    </p>
   </div>
   <div class='ocr_carea' id='block_1_26' title="bbox 2039 1164 3609 1235">
    <p class='ocr_par' dir='ltr' id='par_1_26' title="bbox 2039 1164 3609 1235">
     <span class='ocr_line' id='line_1_26' title="bbox 2039 1164 3609 1235; baseline 0.004 -20"><span class='ocrx_word' id='word_1_189' title='bbox 2039 1179 2286 1226; x_wconf 75' lang='lat' dir='ltr'><strong>seorsum,</strong></span> <span class='ocrx_word' id='word_1_190' title='bbox 2316 1174 2363 1216; x_wconf 84' lang='lat' dir='ltr'><strong>et</strong></span> <span class='ocrx_word' id='word_1_191' title='bbox 2396 1164 2791 1233; x_wconf 83' lang='lat' dir='ltr'><strong>transﬁguratus</strong></span> <span class='ocrx_word' id='word_1_192' title='bbox 2820 1173 2895 1216; x_wconf 87' lang='lat' dir='ltr'><strong>est</strong></span> <span class='ocrx_word' id='word_1_193' title='bbox 2916 1175 3033 1218; x_wconf 89' lang='lat' dir='ltr'><strong>ante</strong></span> <span class='ocrx_word' id='word_1_194' title='bbox 3062 1182 3167 1218; x_wconf 88' lang='lat' dir='ltr'><strong>eos.</strong></span> <span class='ocrx_word' id='word_1_195' title='bbox 3200 1165 3267 1218; x_wconf 83' lang='lat' dir='ltr'><strong>Et</strong></span> <span class='ocrx_word' id='word_1_196' title='bbox 3299 1168 3609 1235; x_wconf 85' lang='lat' dir='ltr'><strong>resplenduit</strong></span> 
     </span>
    </p>
   </div>
   <div class='ocr_carea' id='block_1_27' title="bbox 2040 1253 3611 1325">
    <p class='ocr_par' dir='ltr' id='par_1_27' title="bbox 2040 1253 3611 1325">
     <span class='ocr_line' id='line_1_27' title="bbox 2040 1253 3611 1325; baseline 0.005 -22"><span class='ocrx_word' id='word_1_197' title='bbox 2040 1254 2196 1323; x_wconf 86' lang='lat' dir='ltr'><strong>facies</strong></span> <span class='ocrx_word' id='word_1_198' title='bbox 2217 1254 2325 1322; x_wconf 83' lang='lat' dir='ltr'><strong>ejus</strong></span> <span class='ocrx_word' id='word_1_199' title='bbox 2354 1255 2482 1306; x_wconf 81' lang='lat' dir='ltr'><strong>sicut</strong></span> <span class='ocrx_word' id='word_1_200' title='bbox 2511 1253 2617 1317; x_wconf 87' lang='lat' dir='ltr'><strong>sol;</strong></span> <span class='ocrx_word' id='word_1_201' title='bbox 2649 1254 2947 1306; x_wconf 87' lang='lat' dir='ltr'><strong>vestimenta</strong></span> <span class='ocrx_word' id='word_1_202' title='bbox 2987 1263 3155 1307; x_wconf 82' lang='lat' dir='ltr'><strong>autent</strong></span> <span class='ocrx_word' id='word_1_203' title='bbox 3184 1256 3295 1324; x_wconf 85' lang='lat' dir='ltr'><strong>ejus</strong></span> <span class='ocrx_word' id='word_1_204' title='bbox 3326 1259 3463 1325; x_wconf 82' lang='lat' dir='ltr'><strong>facta</strong></span> <span class='ocrx_word' id='word_1_205' title='bbox 3492 1268 3611 1311; x_wconf 75' lang='lat' dir='ltr'><strong>sunt</strong></span> 
     </span>
    </p>
   </div>
   <div class='ocr_carea' id='block_1_28' title="bbox 2040 1343 3608 1419">
    <p class='ocr_par' dir='ltr' id='par_1_28' title="bbox 2040 1343 3608 1419">
     <span class='ocr_line' id='line_1_28' title="bbox 2040 1343 3608 1419; baseline 0.005 -23"><span class='ocrx_word' id='word_1_206' title='bbox 2040 1344 2157 1396; x_wconf 88' lang='lat' dir='ltr'><strong>alba</strong></span> <span class='ocrx_word' id='word_1_207' title='bbox 2194 1345 2325 1397; x_wconf 82' lang='lat' dir='ltr'><strong>sicut</strong></span> <span class='ocrx_word' id='word_1_208' title='bbox 2352 1345 2462 1397; x_wconf 73' lang='lat' dir='ltr'><strong>nix.</strong></span> <span class='ocrx_word' id='word_1_209' title='bbox 2507 1343 2576 1396; x_wconf 88' lang='lat' dir='ltr'><strong>Et</strong></span> <span class='ocrx_word' id='word_1_210' title='bbox 2623 1360 2739 1398; x_wconf 80' lang='lat' dir='ltr'><strong>ecce</strong></span> <span class='ocrx_word' id='word_1_211' title='bbox 2782 1356 3133 1415; x_wconf 84' lang='lat' dir='ltr'><strong>apparuerunt</strong></span> <span class='ocrx_word' id='word_1_212' title='bbox 3180 1348 3281 1401; x_wconf 83' lang='lat' dir='ltr'><strong>illis</strong></span> <span class='ocrx_word' id='word_1_213' title='bbox 3329 1348 3535 1419; x_wconf 78' lang='lat' dir='ltr'><strong>Moyses</strong></span> <span class='ocrx_word' id='word_1_214' title='bbox 3561 1363 3608 1404; x_wconf 92' lang='lat' dir='ltr'><strong>et</strong></span> 
     </span>
    </p>
   </div>
   <div class='ocr_carea' id='block_1_29' title="bbox 2044 1435 3612 1509">
    <p class='ocr_par' dir='ltr' id='par_1_29' title="bbox 2044 1435 3612 1509">
     <span class='ocr_line' id='line_1_29' title="bbox 2044 1435 3612 1509; baseline 0.006 -21"><span class='ocrx_word' id='word_1_215' title='bbox 2044 1435 2187 1489; x_wconf 71' lang='lat' dir='ltr'><strong>Elius</strong></span> <span class='ocrx_word' id='word_1_216' title='bbox 2232 1454 2346 1490; x_wconf 85' lang='lat' dir='ltr'><strong>cum</strong></span> <span class='ocrx_word' id='word_1_217' title='bbox 2394 1454 2452 1491; x_wconf 89' lang='lat' dir='ltr'><strong>eo</strong></span> <span class='ocrx_word' id='word_1_218' title='bbox 2482 1439 2759 1509; x_wconf 83' lang='lat' dir='ltr'><strong>loquentes.</strong></span> <span class='ocrx_word' id='word_1_219' title='bbox 2817 1438 3148 1509; x_wconf 80' lang='lat' dir='ltr'><strong>Respondcns</strong></span> <span class='ocrx_word' id='word_1_220' title='bbox 3202 1450 3371 1494; x_wconf 87' lang='lat' dir='ltr'><strong>autem</strong></span> <span class='ocrx_word' id='word_1_221' title='bbox 3424 1440 3612 1498; x_wconf 84' lang='lat' dir='ltr'><strong>Petrus</strong></span> 
     </span>
    </p>
   </div>
   <div class='ocr_carea' id='block_1_30' title="bbox 2039 1525 3611 1600">
    <p class='ocr_par' dir='ltr' id='par_1_30' title="bbox 2039 1525 3611 1600">
     <span class='ocr_line' id='line_1_30' title="bbox 2039 1525 3611 1600; baseline 0.006 -23"><span class='ocrx_word' id='word_1_222' title='bbox 2039 1526 2170 1579; x_wconf 72' lang='lat' dir='ltr'><strong>dixit</strong></span> <span class='ocrx_word' id='word_1_223' title='bbox 2190 1544 2207 1580; x_wconf 92' lang='lat'><strong><em>:</em></strong></span> <span class='ocrx_word' id='word_1_224' title='bbox 2230 1525 2498 1597; x_wconf 80' lang='lat' dir='ltr'><strong>Magister,</strong></span> <span class='ocrx_word' id='word_1_225' title='bbox 2532 1527 2715 1582; x_wconf 84' lang='lat' dir='ltr'><strong>bonum</strong></span> <span class='ocrx_word' id='word_1_226' title='bbox 2745 1539 2820 1582; x_wconf 85' lang='lat' dir='ltr'><strong>est</strong></span> <span class='ocrx_word' id='word_1_227' title='bbox 2849 1546 2940 1583; x_wconf 90' lang='lat' dir='ltr'><strong>nos</strong></span> <span class='ocrx_word' id='word_1_228' title='bbox 2971 1529 3050 1580; x_wconf 89' lang='lat' dir='ltr'><strong>hic</strong></span> <span class='ocrx_word' id='word_1_229' title='bbox 3079 1546 3186 1582; x_wconf 87' lang='lat' dir='ltr'><strong>esse</strong></span> <span class='ocrx_word' id='word_1_230' title='bbox 3203 1546 3219 1582; x_wconf 87' lang='lat'><em>:</em></span> <span class='ocrx_word' id='word_1_231' title='bbox 3251 1532 3504 1600; x_wconf 80' lang='lat' dir='ltr'><strong>faciamus</strong></span> <span class='ocrx_word' id='word_1_232' title='bbox 3531 1534 3611 1587; x_wconf 87' lang='lat' dir='ltr'><strong>hic</strong></span> 
     </span>
    </p>
   </div>
   <div class='ocr_carea' id='block_1_31' title="bbox 2040 1616 3612 1687">
    <p class='ocr_par' dir='ltr' id='par_1_31' title="bbox 2040 1616 3612 1687">
     <span class='ocr_line' id='line_1_31' title="bbox 2040 1616 3612 1687; baseline 0.006 -20"><span class='ocrx_word' id='word_1_233' title='bbox 2040 1617 2139 1668; x_wconf 84' lang='lat' dir='ltr'><strong>tria</strong></span> <span class='ocrx_word' id='word_1_234' title='bbox 2193 1616 2541 1681; x_wconf 84' lang='lat' dir='ltr'><strong>tabernacula,</strong></span> <span class='ocrx_word' id='word_1_235' title='bbox 2574 1616 2663 1670; x_wconf 82' lang='lat' dir='ltr'><strong>tibi</strong></span> <span class='ocrx_word' id='word_1_236' title='bbox 2717 1634 2892 1682; x_wconf 88' lang='lat' dir='ltr'><strong>unum,</strong></span> <span class='ocrx_word' id='word_1_237' title='bbox 2944 1616 3116 1687; x_wconf 79' lang='lat' dir='ltr'><strong>Moysi</strong></span> <span class='ocrx_word' id='word_1_238' title='bbox 3162 1636 3337 1687; x_wconf 89' lang='lat' dir='ltr'><strong>unum,</strong></span> <span class='ocrx_word' id='word_1_239' title='bbox 3380 1630 3429 1674; x_wconf 86' lang='lat' dir='ltr'><strong>et</strong></span> <span class='ocrx_word' id='word_1_240' title='bbox 3478 1620 3612 1677; x_wconf 72' lang='lat' dir='ltr'><strong>Elim</strong></span> 
     </span>
    </p>
   </div>
   <div class='ocr_carea' id='block_1_32' title="bbox 2040 1704 3609 1778">
    <p class='ocr_par' dir='ltr' id='par_1_32' title="bbox 2040 1704 3609 1778">
     <span class='ocr_line' id='line_1_32' title="bbox 2040 1704 3609 1778; baseline 0.006 -22"><span class='ocrx_word' id='word_1_241' title='bbox 2040 1721 2214 1767; x_wconf 84' lang='lat' dir='ltr'><strong>unum,</strong></span> <span class='ocrx_word' id='word_1_242' title='bbox 2247 1712 2301 1759; x_wconf 90' lang='lat' dir='ltr'><strong>et</strong></span> <span class='ocrx_word' id='word_1_243' title='bbox 2353 1714 2567 1759; x_wconf 57' lang='lat' dir='ltr'><strong>caetera.</strong></span> <span class='ocrx_word' id='word_1_244' title='bbox 2600 1704 2726 1759; x_wconf 88' lang='lat' dir='ltr'><strong>Post</strong></span> <span class='ocrx_word' id='word_1_245' title='bbox 2779 1706 2905 1771; x_wconf 87' lang='lat' dir='ltr'><strong>dies,</strong></span> <span class='ocrx_word' id='word_1_246' title='bbox 2940 1706 3128 1775; x_wconf 88' lang='lat' dir='ltr'><strong>inquit,</strong></span> <span class='ocrx_word' id='word_1_247' title='bbox 3175 1724 3299 1773; x_wconf 76' lang='lat' dir='ltr'><strong>sex;</strong></span> <span class='ocrx_word' id='word_1_248' title='bbox 3347 1719 3469 1778; x_wconf 90' lang='lat' dir='ltr'><strong>post</strong></span> <span class='ocrx_word' id='word_1_249' title='bbox 3515 1728 3609 1766; x_wconf 89' lang='lat' dir='ltr'><strong>sex</strong></span> 
     </span>
    </p>
   </div>
   <div class='ocr_carea' id='block_1_33' title="bbox 360 1794 3612 1865">
    <p class='ocr_par' dir='ltr' id='par_1_33' title="bbox 360 1794 3612 1865">
     <span class='ocr_line' id='line_1_33' title="bbox 360 1794 3612 1865; baseline 0.002 -17"><span class='ocrx_word' id='word_1_250' title='bbox 360 1796 481 1862; x_wconf 45' lang='lat' dir='ltr'><strong>ipse</strong></span> <span class='ocrx_word' id='word_1_251' title='bbox 508 1803 563 1850; x_wconf 88' lang='lat' dir='ltr'><strong>et</strong></span> <span class='ocrx_word' id='word_1_252' title='bbox 588 1803 733 1865; x_wconf 84' lang='lat' dir='ltr'><strong>petra</strong></span> <span class='ocrx_word' id='word_1_253' title='bbox 773 1804 914 1861; x_wconf 90' lang='lat' dir='ltr'><strong>erat,</strong></span> <span class='ocrx_word' id='word_1_254' title='bbox 952 1796 1138 1864; x_wconf 85' lang='lat' dir='ltr'><strong>inquit,</strong></span> <span class='ocrx_word' id='word_1_255' title='bbox 1172 1795 1402 1850; x_wconf 81' lang='lat' dir='ltr'><strong>Christus</strong></span> <span class='ocrx_word' id='word_1_256' title='bbox 1432 1794 1487 1865; x_wconf 88' lang='grc'><strong>(1</strong></span> <span class='ocrx_word' id='word_1_257' title='bbox 1510 1795 1626 1850; x_wconf 88' lang='lat' dir='ltr'><strong>Cor.</strong></span> <span class='ocrx_word' id='word_1_258' title='bbox 1658 1794 1735 1864; x_wconf 72' lang='grc' dir='ltr'><strong>χ).</strong></span> <span class='ocrx_word' id='word_1_259' title='bbox 1768 1794 1939 1864; x_wconf 87' lang='lat' dir='ltr'><strong>Super</strong></span> <span class='ocrx_word' id='word_1_260' title='bbox 1973 1795 2010 1852; x_wconf 87' lang='grc' dir='ltr'><strong>Β</strong></span> <span class='ocrx_word' id='word_1_261' title='bbox 2041 1794 2153 1848; x_wconf 86' lang='lat' dir='ltr'><strong>dies</strong></span> <span class='ocrx_word' id='word_1_262' title='bbox 2174 1795 2454 1849; x_wconf 86' lang='lat' dir='ltr'><strong>sabbatum</strong></span> <span class='ocrx_word' id='word_1_263' title='bbox 2482 1808 2600 1848; x_wconf 87' lang='lat' dir='ltr'><strong>esse</strong></span> <span class='ocrx_word' id='word_1_264' title='bbox 2630 1795 2969 1861; x_wconf 77' lang='lat' dir='ltr'><strong>intelligimus</strong></span> <span class='ocrx_word' id='word_1_265' title='bbox 2996 1797 3280 1865; x_wconf 78' lang='lat' dir='ltr'><strong>septimum</strong></span> <span class='ocrx_word' id='word_1_266' title='bbox 3311 1800 3471 1854; x_wconf 90' lang='lat' dir='ltr'><strong>diem.</strong></span> <span class='ocrx_word' id='word_1_267' title='bbox 3501 1801 3612 1856; x_wconf 75' lang='lat' dir='ltr'><strong>Pri-</strong></span> 
     </span>
    </p>
   </div>
   <div class='ocr_carea' id='block_1_34' title="bbox 362 1884 1940 1956">
    <p class='ocr_par' dir='ltr' id='par_1_34' title="bbox 362 1884 1940 1956">
     <span class='ocr_line' id='line_1_34' title="bbox 362 1884 1940 1956; baseline -0.002 -16"><span class='ocrx_word' id='word_1_268' title='bbox 362 1885 508 1940; x_wconf 86' lang='lat' dir='ltr'><strong>hanc</strong></span> <span class='ocrx_word' id='word_1_269' title='bbox 527 1896 730 1954; x_wconf 90' lang='lat' dir='ltr'><strong>petram</strong></span> <span class='ocrx_word' id='word_1_270' title='bbox 752 1885 977 1940; x_wconf 68' lang='lat' dir='ltr'><strong>aediﬁcat</strong></span> <span class='ocrx_word' id='word_1_271' title='bbox 1004 1887 1178 1941; x_wconf 90' lang='lat' dir='ltr'><strong>omnis</strong></span> <span class='ocrx_word' id='word_1_272' title='bbox 1199 1887 1414 1956; x_wconf 87' lang='lat' dir='ltr'><strong>sapiens</strong></span> <span class='ocrx_word' id='word_1_273' title='bbox 1442 1885 1656 1940; x_wconf 90' lang='lat' dir='ltr'><strong>domum</strong></span> <span class='ocrx_word' id='word_1_274' title='bbox 1686 1900 1854 1947; x_wconf 89' lang='lat' dir='ltr'><strong>suam,</strong></span> <span class='ocrx_word' id='word_1_275' title='bbox 1889 1884 1940 1938; x_wconf 87' lang='lat' dir='ltr'><strong>id</strong></span> 
     </span>
    </p>
   </div>
   <div class='ocr_carea' id='block_1_35' title="bbox 361 1974 1939 2043">
    <p class='ocr_par' dir='ltr' id='par_1_35' title="bbox 361 1974 1939 2043">
     <span class='ocr_line' id='line_1_35' title="bbox 361 1974 1939 2043; baseline -0.001 -13"><span class='ocrx_word' id='word_1_276' title='bbox 361 1984 452 2030; x_wconf 69' lang='lat' dir='ltr'><strong>est</strong></span> <span class='ocrx_word' id='word_1_277' title='bbox 495 1976 710 2031; x_wconf 90' lang='lat' dir='ltr'><strong>domum</strong></span> <span class='ocrx_word' id='word_1_278' title='bbox 749 1977 939 2031; x_wconf 80' lang='lat' dir='ltr'><strong>anima:</strong></span> <span class='ocrx_word' id='word_1_279' title='bbox 980 1993 1115 2043; x_wconf 61' lang='lat' dir='ltr'><strong>suae;</strong></span> <span class='ocrx_word' id='word_1_280' title='bbox 1147 1985 1202 2032; x_wconf 89' lang='lat' dir='ltr'><strong>et</strong></span> <span class='ocrx_word' id='word_1_281' title='bbox 1243 1977 1517 2032; x_wconf 81' lang='lat' dir='ltr'><strong>venientes</strong></span> <span class='ocrx_word' id='word_1_282' title='bbox 1554 1976 1727 2041; x_wconf 86' lang='lat' dir='ltr'><strong>venti,</strong></span> <span class='ocrx_word' id='word_1_283' title='bbox 1760 1984 1815 2029; x_wconf 89' lang='lat' dir='ltr'><strong>et</strong></span> <span class='ocrx_word' id='word_1_284' title='bbox 1843 1974 1939 2029; x_wconf 89' lang='lat' dir='ltr'><strong>de-</strong></span> 
     </span>
    </p>
   </div>
   <div class='ocr_carea' id='block_1_36' title="bbox 361 2066 1939 2137">
    <p class='ocr_par' dir='ltr' id='par_1_36' title="bbox 361 2066 1939 2137">
     <span class='ocr_line' id='line_1_36' title="bbox 361 2066 1939 2137; baseline -0.001 -16"><span class='ocrx_word' id='word_1_285' title='bbox 361 2066 629 2121; x_wconf 82' lang='lat' dir='ltr'><strong>scendens</strong></span> <span class='ocrx_word' id='word_1_286' title='bbox 669 2067 875 2136; x_wconf 88' lang='lat' dir='ltr'><strong>pluvia,</strong></span> <span class='ocrx_word' id='word_1_287' title='bbox 927 2075 981 2122; x_wconf 92' lang='lat' dir='ltr'><strong>et</strong></span> <span class='ocrx_word' id='word_1_288' title='bbox 1028 2066 1244 2121; x_wconf 84' lang='lat' dir='ltr'><strong>ﬂumina</strong></span> <span class='ocrx_word' id='word_1_289' title='bbox 1292 2068 1591 2137; x_wconf 79' lang='lat' dir='ltr'><strong>impingunt</strong></span> <span class='ocrx_word' id='word_1_290' title='bbox 1630 2067 1682 2121; x_wconf 92' lang='lat' dir='ltr'><strong>in</strong></span> <span class='ocrx_word' id='word_1_291' title='bbox 1721 2066 1939 2120; x_wconf 90' lang='lat' dir='ltr'><strong>domum</strong></span> 
     </span>
    </p>
   </div>
   <div class='ocr_carea' id='block_1_37' title="bbox 363 2156 1935 2227">
    <p class='ocr_par' dir='ltr' id='par_1_37' title="bbox 363 2156 1935 2227">
     <span class='ocr_line' id='line_1_37' title="bbox 363 2156 1935 2227; baseline -0.002 -16"><span class='ocrx_word' id='word_1_292' title='bbox 363 2156 532 2219; x_wconf 88' lang='lat' dir='ltr'><strong>illam,</strong></span> <span class='ocrx_word' id='word_1_293' title='bbox 556 2165 610 2211; x_wconf 91' lang='lat' dir='ltr'><strong>et</strong></span> <span class='ocrx_word' id='word_1_294' title='bbox 647 2173 753 2211; x_wconf 90' lang='lat' dir='ltr'><strong>non</strong></span> <span class='ocrx_word' id='word_1_295' title='bbox 782 2157 921 2211; x_wconf 87' lang='lat' dir='ltr'><strong>cadit</strong></span> <span class='ocrx_word' id='word_1_296' title='bbox 940 2200 955 2224; x_wconf 94' lang='lat'><strong>,</strong></span> <span class='ocrx_word' id='word_1_297' title='bbox 984 2156 1382 2212; x_wconf 86' lang='lat' dir='ltr'><strong>fundamentum</strong></span> <span class='ocrx_word' id='word_1_298' title='bbox 1417 2166 1499 2217; x_wconf 88' lang='lat' dir='ltr'><strong>est</strong></span> <span class='ocrx_word' id='word_1_299' title='bbox 1525 2172 1684 2227; x_wconf 84' lang='lat' dir='ltr'><strong>supra</strong></span> <span class='ocrx_word' id='word_1_300' title='bbox 1709 2164 1935 2226; x_wconf 84' lang='lat' dir='ltr'><strong>petram.</strong></span> 
     </span>
    </p>
   </div>
   <div class='ocr_carea' id='block_1_38' title="bbox 365 2245 1937 2318">
    <p class='ocr_par' dir='ltr' id='par_1_38' title="bbox 365 2245 1937 2318">
     <span class='ocr_line' id='line_1_38' title="bbox 365 2245 1937 2318; baseline 0.001 -19"><span class='ocrx_word' id='word_1_301' title='bbox 365 2245 529 2315; x_wconf 82' lang='lat' dir='ltr'><strong>Ergo,</strong></span> <span class='ocrx_word' id='word_1_302' title='bbox 582 2254 641 2302; x_wconf 90' lang='lat' dir='ltr'><strong>ut</strong></span> <span class='ocrx_word' id='word_1_303' title='bbox 668 2247 845 2301; x_wconf 90' lang='lat' dir='ltr'><strong>dicere</strong></span> <span class='ocrx_word' id='word_1_304' title='bbox 873 2263 1234 2317; x_wconf 64' lang='lat' dir='ltr'><strong>coeperamus,</strong></span> <span class='ocrx_word' id='word_1_305' title='bbox 1279 2264 1388 2303; x_wconf 91' lang='lat' dir='ltr'><strong>non</strong></span> <span class='ocrx_word' id='word_1_306' title='bbox 1425 2255 1601 2318; x_wconf 90' lang='lat' dir='ltr'><strong>potest</strong></span> <span class='ocrx_word' id='word_1_307' title='bbox 1626 2248 1814 2303; x_wconf 78' lang='lat' dir='ltr'><strong>civitas</strong></span> <span class='ocrx_word' id='word_1_308' title='bbox 1842 2248 1937 2301; x_wconf 90' lang='lat' dir='ltr'><strong>ab-</strong></span> 
     </span>
    </p>
   </div>
   <div class='ocr_carea' id='block_1_39' title="bbox 362 2335 1937 2410">
    <p class='ocr_par' dir='ltr' id='par_1_39' title="bbox 362 2335 1937 2410">
     <span class='ocr_line' id='line_1_39' title="bbox 362 2335 1937 2410; baseline 0 -20"><span class='ocrx_word' id='word_1_309' title='bbox 362 2335 550 2391; x_wconf 88' lang='lat' dir='ltr'><strong>scondi</strong></span> <span class='ocrx_word' id='word_1_310' title='bbox 580 2352 739 2406; x_wconf 90' lang='lat' dir='ltr'><strong>supra</strong></span> <span class='ocrx_word' id='word_1_311' title='bbox 760 2344 999 2393; x_wconf 89' lang='lat' dir='ltr'><strong>montem</strong></span> <span class='ocrx_word' id='word_1_312' title='bbox 1024 2340 1214 2407; x_wconf 88' lang='lat' dir='ltr'><strong>posita.</strong></span> <span class='ocrx_word' id='word_1_313' title='bbox 1248 2339 1501 2410; x_wconf 87' lang='lat' dir='ltr'><strong>Sequitur</strong></span> <span class='ocrx_word' id='word_1_314' title='bbox 1531 2357 1543 2392; x_wconf 87' lang='lat'><strong>:</strong></span> <span class='ocrx_word' id='word_1_315' title='bbox 1576 2355 1735 2409; x_wconf 88' lang='lat' dir='ltr'><strong>neque</strong></span> <span class='ocrx_word' id='word_1_316' title='bbox 1755 2354 1937 2391; x_wconf 85' lang='lat' dir='ltr'><strong>accen-</strong></span> 
     </span>
    </p>
   </div>
   <div class='ocr_carea' id='block_1_40' title="bbox 361 2424 1938 2499">
    <p class='ocr_par' dir='ltr' id='par_1_40' title="bbox 361 2424 1938 2499">
     <span class='ocr_line' id='line_1_40' title="bbox 361 2424 1938 2499; baseline 0.004 -24"><span class='ocrx_word' id='word_1_317' title='bbox 361 2424 495 2476; x_wconf 83' lang='lat' dir='ltr'><strong>dunt</strong></span> <span class='ocrx_word' id='word_1_318' title='bbox 540 2424 802 2478; x_wconf 86' lang='lat' dir='ltr'><strong>lucernam</strong></span> <span class='ocrx_word' id='word_1_319' title='bbox 847 2435 896 2479; x_wconf 89' lang='lat' dir='ltr'><strong>et</strong></span> <span class='ocrx_word' id='word_1_320' title='bbox 930 2438 1126 2497; x_wconf 88' lang='lat' dir='ltr'><strong>ponunt</strong></span> <span class='ocrx_word' id='word_1_321' title='bbox 1170 2445 1284 2482; x_wconf 88' lang='lat' dir='ltr'><strong>eam</strong></span> <span class='ocrx_word' id='word_1_322' title='bbox 1329 2427 1420 2481; x_wconf 87' lang='lat' dir='ltr'><strong>sub</strong></span> <span class='ocrx_word' id='word_1_323' title='bbox 1446 2428 1635 2492; x_wconf 84' lang='lat' dir='ltr'><strong>modio,</strong></span> <span class='ocrx_word' id='word_1_324' title='bbox 1678 2429 1769 2483; x_wconf 89' lang='lat' dir='ltr'><strong>sed</strong></span> <span class='ocrx_word' id='word_1_325' title='bbox 1787 2445 1938 2499; x_wconf 86' lang='lat' dir='ltr'><strong>super</strong></span> 
     </span>
    </p>
   </div>
   <div class='ocr_carea' id='block_1_41' title="bbox 360 2516 1938 2590">
    <p class='ocr_par' dir='ltr' id='par_1_41' title="bbox 360 2516 1938 2590">
     <span class='ocr_line' id='line_1_41' title="bbox 360 2516 1938 2590; baseline 0.003 -20"><span class='ocrx_word' id='word_1_326' title='bbox 360 2516 750 2582; x_wconf 70' lang='lat' dir='ltr'><strong>candelabrum,</strong></span> <span class='ocrx_word' id='word_1_327' title='bbox 772 2525 828 2570; x_wconf 91' lang='lat' dir='ltr'><strong>ut</strong></span> <span class='ocrx_word' id='word_1_328' title='bbox 851 2517 1018 2572; x_wconf 89' lang='lat' dir='ltr'><strong>luceat</strong></span> <span class='ocrx_word' id='word_1_329' title='bbox 1042 2520 1274 2573; x_wconf 89' lang='lat' dir='ltr'><strong>omnibus</strong></span> <span class='ocrx_word' id='word_1_330' title='bbox 1309 2523 1393 2590; x_wconf 85' lang='lat' dir='ltr'><strong>qui</strong></span> <span class='ocrx_word' id='word_1_331' title='bbox 1422 2521 1475 2573; x_wconf 86' lang='lat' dir='ltr'><strong>in</strong></span> <span class='ocrx_word' id='word_1_332' title='bbox 1497 2520 1646 2575; x_wconf 91' lang='lat' dir='ltr'><strong>domo</strong></span> <span class='ocrx_word' id='word_1_333' title='bbox 1673 2527 1810 2574; x_wconf 81' lang='lat' dir='ltr'><strong>sunt.</strong></span> <span class='ocrx_word' id='word_1_334' title='bbox 1840 2518 1938 2574; x_wconf 84' lang='lat' dir='ltr'><strong>Lu-</strong></span> 
     </span>
    </p>
   </div>
   <div class='ocr_carea' id='block_1_42' title="bbox 362 2607 1936 2679">
    <p class='ocr_par' dir='ltr' id='par_1_42' title="bbox 362 2607 1936 2679">
     <span class='ocr_line' id='line_1_42' title="bbox 362 2607 1936 2679; baseline 0.002 -19"><span class='ocrx_word' id='word_1_335' title='bbox 362 2621 529 2661; x_wconf 89' lang='lat' dir='ltr'><strong>cerna</strong></span> <span class='ocrx_word' id='word_1_336' title='bbox 577 2623 737 2677; x_wconf 92' lang='lat' dir='ltr'><strong>super</strong></span> <span class='ocrx_word' id='word_1_337' title='bbox 776 2607 1152 2663; x_wconf 89' lang='lat' dir='ltr'><strong>candelabrum</strong></span> <span class='ocrx_word' id='word_1_338' title='bbox 1178 2610 1383 2679; x_wconf 88' lang='lat' dir='ltr'><strong>posita,</strong></span> <span class='ocrx_word' id='word_1_339' title='bbox 1431 2624 1583 2664; x_wconf 88' lang='lat' dir='ltr'><strong>mens</strong></span> <span class='ocrx_word' id='word_1_340' title='bbox 1623 2611 1778 2664; x_wconf 90' lang='lat' dir='ltr'><strong>estin</strong></span> <span class='ocrx_word' id='word_1_341' title='bbox 1806 2610 1936 2664; x_wconf 84' lang='lat' dir='ltr'><strong>sub-</strong></span> 
     </span>
    </p>
   </div>
   <div class='ocr_carea' id='block_1_43' title="bbox 361 2697 1932 2770">
    <p class='ocr_par' dir='ltr' id='par_1_43' title="bbox 361 2697 1932 2770">
     <span class='ocr_line' id='line_1_43' title="bbox 361 2697 1932 2770; baseline 0.001 -18"><span class='ocrx_word' id='word_1_342' title='bbox 361 2697 563 2752; x_wconf 85' lang='lat' dir='ltr'><strong>stantia</strong></span> <span class='ocrx_word' id='word_1_343' title='bbox 610 2699 851 2768; x_wconf 89' lang='lat' dir='ltr'><strong>corporis</strong></span> <span class='ocrx_word' id='word_1_344' title='bbox 898 2701 1217 2767; x_wconf 84' lang='lat' dir='ltr'><strong>constituta,</strong></span> <span class='ocrx_word' id='word_1_345' title='bbox 1272 2716 1388 2770; x_wconf 78' lang='lat' dir='ltr'><strong>qua:</strong></span> <span class='ocrx_word' id='word_1_346' title='bbox 1432 2700 1596 2769; x_wconf 80' lang='lat' dir='ltr'><strong>fulget</strong></span> <span class='ocrx_word' id='word_1_347' title='bbox 1636 2709 1690 2757; x_wconf 87' lang='lat' dir='ltr'><strong>et</strong></span> <span class='ocrx_word' id='word_1_348' title='bbox 1716 2702 1932 2766; x_wconf 88' lang='lat' dir='ltr'><strong>eminet,</strong></span> 
     </span>
    </p>
   </div>
   <div class='ocr_carea' id='block_1_44' title="bbox 361 2789 1934 2849">
    <p class='ocr_par' dir='ltr' id='par_1_44' title="bbox 361 2789 1934 2849">
     <span class='ocr_line' id='line_1_44' title="bbox 361 2789 1934 2849; baseline 0.003 -7"><span class='ocrx_word' id='word_1_349' title='bbox 361 2789 599 2844; x_wconf 79' lang='lat' dir='ltr'><strong>maxime</strong></span> <span class='ocrx_word' id='word_1_350' title='bbox 639 2791 684 2846; x_wconf 92' lang='lat' dir='ltr'><strong>si</strong></span> <span class='ocrx_word' id='word_1_351' title='bbox 728 2807 832 2845; x_wconf 92' lang='lat' dir='ltr'><strong>non</strong></span> <span class='ocrx_word' id='word_1_352' title='bbox 863 2792 937 2846; x_wconf 91' lang='lat' dir='ltr'><strong>illi</strong></span> <span class='ocrx_word' id='word_1_353' title='bbox 965 2792 1105 2847; x_wconf 90' lang='lat' dir='ltr'><strong>desit</strong></span> <span class='ocrx_word' id='word_1_354' title='bbox 1131 2794 1307 2848; x_wconf 91' lang='lat' dir='ltr'><strong>oleum</strong></span> <span class='ocrx_word' id='word_1_355' title='bbox 1337 2794 1575 2849; x_wconf 88' lang='lat' dir='ltr'><strong>caritatis</strong></span> <span class='ocrx_word' id='word_1_356' title='bbox 1600 2794 1685 2848; x_wconf 89' lang='lat' dir='ltr'><strong>vel</strong></span> <span class='ocrx_word' id='word_1_357' title='bbox 1714 2793 1934 2848; x_wconf 85' lang='lat' dir='ltr'><strong>castita-</strong></span> 
     </span>
    </p>
   </div>
   <div class='ocr_carea' id='block_1_45' title="bbox 364 2878 1935 2953">
    <p class='ocr_par' dir='ltr' id='par_1_45' title="bbox 364 2878 1935 2953">
     <span class='ocr_line' id='line_1_45' title="bbox 364 2878 1935 2953; baseline 0.004 -22"><span class='ocrx_word' id='word_1_358' title='bbox 364 2878 465 2943; x_wconf 85' lang='lat' dir='ltr'><strong>tis,</strong></span> <span class='ocrx_word' id='word_1_359' title='bbox 498 2879 635 2933; x_wconf 88' lang='lat' dir='ltr'><strong>sicut</strong></span> <span class='ocrx_word' id='word_1_360' title='bbox 680 2880 776 2934; x_wconf 90' lang='lat' dir='ltr'><strong>fuit</strong></span> <span class='ocrx_word' id='word_1_361' title='bbox 823 2882 910 2938; x_wconf 91' lang='lat' dir='ltr'><strong>ille</strong></span> <span class='ocrx_word' id='word_1_362' title='bbox 956 2882 1143 2939; x_wconf 90' lang='lat' dir='ltr'><strong>beatus</strong></span> <span class='ocrx_word' id='word_1_363' title='bbox 1181 2882 1415 2937; x_wconf 82' lang='lat' dir='ltr'><strong>Joannes</strong></span> <span class='ocrx_word' id='word_1_364' title='bbox 1448 2882 1705 2953; x_wconf 86' lang='lat' dir='ltr'><strong>Baptista,</strong></span> <span class='ocrx_word' id='word_1_365' title='bbox 1734 2883 1801 2937; x_wconf 92' lang='lat' dir='ltr'><strong>de</strong></span> <span class='ocrx_word' id='word_1_366' title='bbox 1827 2898 1935 2951; x_wconf 90' lang='lat' dir='ltr'><strong>quo</strong></span> 
     </span>
    </p>
   </div>
   <div class='ocr_carea' id='block_1_46' title="bbox 362 2967 1930 3044">
    <p class='ocr_par' dir='ltr' id='par_1_46' title="bbox 362 2967 1930 3044">
     <span class='ocr_line' id='line_1_46' title="bbox 362 2967 1930 3044; baseline 0.004 -24"><span class='ocrx_word' id='word_1_367' title='bbox 362 2967 620 3037; x_wconf 87' lang='lat' dir='ltr'><strong>scriptum</strong></span> <span class='ocrx_word' id='word_1_368' title='bbox 668 2980 749 3025; x_wconf 90' lang='lat' dir='ltr'><strong>est</strong></span> <span class='ocrx_word' id='word_1_369' title='bbox 781 2990 791 3024; x_wconf 93' lang='lat'><strong>:</strong></span> <span class='ocrx_word' id='word_1_370' title='bbox 826 2972 956 3026; x_wconf 82' lang='lat' dir='ltr'><strong>Erat</strong></span> <span class='ocrx_word' id='word_1_371' title='bbox 1002 2975 1208 3028; x_wconf 85' lang='lat' dir='ltr'><strong>lucerna</strong></span> <span class='ocrx_word' id='word_1_372' title='bbox 1249 2974 1438 3029; x_wconf 87' lang='lat' dir='ltr'><strong>ardens</strong></span> <span class='ocrx_word' id='word_1_373' title='bbox 1473 2985 1521 3028; x_wconf 86' lang='lat' dir='ltr'><strong>et</strong></span> <span class='ocrx_word' id='word_1_374' title='bbox 1551 2974 1724 3029; x_wconf 86' lang='lat' dir='ltr'><strong>lucens</strong></span> <span class='ocrx_word' id='word_1_375' title='bbox 1754 2974 1930 3044; x_wconf 84' lang='lat' dir='ltr'><strong>(Joan.</strong></span> 
     </span>
    </p>
   </div>
   <div class='ocr_carea' id='block_1_47' title="bbox 363 3056 1934 3133">
    <p class='ocr_par' dir='ltr' id='par_1_47' title="bbox 363 3056 1934 3133">
     <span class='ocr_line' id='line_1_47' title="bbox 363 3056 1934 3133; baseline 0.005 -24"><span class='ocrx_word' id='word_1_376' title='bbox 363 3056 437 3125; x_wconf 86' lang='lat' dir='ltr'><strong>v).</strong></span> <span class='ocrx_word' id='word_1_377' title='bbox 479 3056 711 3113; x_wconf 86' lang='lat' dir='ltr'><strong>Ardebat</strong></span> <span class='ocrx_word' id='word_1_378' title='bbox 734 3070 790 3115; x_wconf 90' lang='lat' dir='ltr'><strong>et</strong></span> <span class='ocrx_word' id='word_1_379' title='bbox 822 3061 1067 3116; x_wconf 87' lang='lat' dir='ltr'><strong>lucebat:</strong></span> <span class='ocrx_word' id='word_1_380' title='bbox 1100 3062 1319 3116; x_wconf 88' lang='lat' dir='ltr'><strong>ardebat</strong></span> <span class='ocrx_word' id='word_1_381' title='bbox 1352 3062 1531 3117; x_wconf 91' lang='lat' dir='ltr'><strong>calore</strong></span> <span class='ocrx_word' id='word_1_382' title='bbox 1558 3061 1786 3133; x_wconf 90' lang='lat' dir='ltr'><strong>Spiritus</strong></span> <span class='ocrx_word' id='word_1_383' title='bbox 1814 3080 1934 3118; x_wconf 89' lang='lat' dir='ltr'><strong>san-</strong></span> 
     </span>
    </p>
   </div>
   <div class='ocr_carea' id='block_1_48' title="bbox 2040 1884 3613 1953">
    <p class='ocr_par' dir='ltr' id='par_1_48' title="bbox 2040 1884 3613 1953">
     <span class='ocr_line' id='line_1_48' title="bbox 2040 1884 3613 1953; baseline 0.006 -18"><span class='ocrx_word' id='word_1_384' title='bbox 2040 1900 2159 1937; x_wconf 89' lang='lat' dir='ltr'><strong>mus</strong></span> <span class='ocrx_word' id='word_1_385' title='bbox 2187 1885 2300 1938; x_wconf 90' lang='lat' dir='ltr'><strong>dies</strong></span> <span class='ocrx_word' id='word_1_386' title='bbox 2325 1884 2613 1948; x_wconf 79' lang='lat' dir='ltr'><strong>dominica,</strong></span> <span class='ocrx_word' id='word_1_387' title='bbox 2648 1884 2911 1939; x_wconf 89' lang='lat' dir='ltr'><strong>secundus</strong></span> <span class='ocrx_word' id='word_1_388' title='bbox 2936 1885 3064 1950; x_wconf 89' lang='lat' dir='ltr'><strong>dies,</strong></span> <span class='ocrx_word' id='word_1_389' title='bbox 3098 1886 3329 1939; x_wconf 85' lang='lat' dir='ltr'><strong>secunda</strong></span> <span class='ocrx_word' id='word_1_390' title='bbox 3360 1888 3509 1953; x_wconf 86' lang='lat' dir='ltr'><strong>feria,</strong></span> <span class='ocrx_word' id='word_1_391' title='bbox 3559 1902 3613 1945; x_wconf 90' lang='lat' dir='ltr'><strong>et</strong></span> 
     </span>
    </p>
   </div>
   <div class='ocr_carea' id='block_1_49' title="bbox 2037 1974 3609 2041">
    <p class='ocr_par' dir='ltr' id='par_1_49' title="bbox 2037 1974 3609 2041">
     <span class='ocr_line' id='line_1_49' title="bbox 2037 1974 3609 2041; baseline 0.004 -14"><span class='ocrx_word' id='word_1_392' title='bbox 2037 1975 2116 2028; x_wconf 86' lang='lat' dir='ltr'><strong>sic</strong></span> <span class='ocrx_word' id='word_1_393' title='bbox 2145 1989 2329 2028; x_wconf 87' lang='lat' dir='ltr'><strong>omnes</strong></span> <span class='ocrx_word' id='word_1_394' title='bbox 2349 1975 2479 2029; x_wconf 90' lang='lat' dir='ltr'><strong>dies.</strong></span> <span class='ocrx_word' id='word_1_395' title='bbox 2514 1974 2643 2029; x_wconf 87' lang='lat' dir='ltr'><strong>Post</strong></span> <span class='ocrx_word' id='word_1_396' title='bbox 2669 1988 2762 2027; x_wconf 84' lang='lat' dir='ltr'><strong>sex</strong></span> <span class='ocrx_word' id='word_1_397' title='bbox 2809 1974 2940 2041; x_wconf 88' lang='lat' dir='ltr'><strong>dies,</strong></span> <span class='ocrx_word' id='word_1_398' title='bbox 2972 1982 3029 2029; x_wconf 92' lang='lat' dir='ltr'><strong>ut</strong></span> <span class='ocrx_word' id='word_1_399' title='bbox 3058 1976 3256 2030; x_wconf 86' lang='lat' dir='ltr'><strong>dictum</strong></span> <span class='ocrx_word' id='word_1_400' title='bbox 3287 1985 3385 2041; x_wconf 84' lang='lat' dir='ltr'><strong>est,</strong></span> <span class='ocrx_word' id='word_1_401' title='bbox 3418 1980 3609 2033; x_wconf 83' lang='lat' dir='ltr'><strong>sabba-</strong></span> 
     </span>
    </p>
   </div>
   <div class='ocr_carea' id='block_1_50' title="bbox 2039 2065 3611 2139">
    <p class='ocr_par' dir='ltr' id='par_1_50' title="bbox 2039 2065 3611 2139">
     <span class='ocr_line' id='line_1_50' title="bbox 2039 2065 3611 2139; baseline 0.003 -21"><span class='ocrx_word' id='word_1_402' title='bbox 2039 2073 2153 2119; x_wconf 90' lang='lat' dir='ltr'><strong>tum</strong></span> <span class='ocrx_word' id='word_1_403' title='bbox 2202 2075 2529 2120; x_wconf 88' lang='lat' dir='ltr'><strong>numeratur.</strong></span> <span class='ocrx_word' id='word_1_404' title='bbox 2580 2067 2679 2121; x_wconf 87' lang='lat' dir='ltr'><strong>Ilic</strong></span> <span class='ocrx_word' id='word_1_405' title='bbox 2708 2065 2820 2121; x_wconf 89' lang='lat' dir='ltr'><strong>dies</strong></span> <span class='ocrx_word' id='word_1_406' title='bbox 2862 2069 3099 2135; x_wconf 87' lang='lat' dir='ltr'><strong>requiem</strong></span> <span class='ocrx_word' id='word_1_407' title='bbox 3130 2069 3385 2134; x_wconf 67' lang='lat' dir='ltr'><strong>ostendit,</strong></span> <span class='ocrx_word' id='word_1_408' title='bbox 3411 2073 3532 2139; x_wconf 87' lang='lat' dir='ltr'><strong>quia</strong></span> <span class='ocrx_word' id='word_1_409' title='bbox 3560 2084 3611 2126; x_wconf 75' lang='lat' dir='ltr'><strong>et</strong></span> 
     </span>
    </p>
   </div>
   <div class='ocr_carea' id='block_1_51' title="bbox 2041 2155 3610 2232">
    <p class='ocr_par' dir='ltr' id='par_1_51' title="bbox 2041 2155 3610 2232">
     <span class='ocr_line' id='line_1_51' title="bbox 2041 2155 3610 2232; baseline 0.005 -24"><span class='ocrx_word' id='word_1_410' title='bbox 2041 2155 2092 2208; x_wconf 92' lang='lat' dir='ltr'><strong>in</strong></span> <span class='ocrx_word' id='word_1_411' title='bbox 2114 2155 2199 2209; x_wconf 91' lang='lat' dir='ltr'><strong>die</strong></span> <span class='ocrx_word' id='word_1_412' title='bbox 2218 2156 2444 2225; x_wconf 89' lang='lat' dir='ltr'><strong>septimo</strong></span> <span class='ocrx_word' id='word_1_413' title='bbox 2472 2156 2732 2223; x_wconf 85' lang='lat' dir='ltr'><strong>requievit</strong></span> <span class='ocrx_word' id='word_1_414' title='bbox 2755 2155 2893 2209; x_wconf 91' lang='lat' dir='ltr'><strong>Deus</strong></span> <span class='ocrx_word' id='word_1_415' title='bbox 2930 2158 2996 2209; x_wconf 89' lang='lat' dir='ltr'><strong>ab</strong></span> <span class='ocrx_word' id='word_1_416' title='bbox 3022 2159 3272 2225; x_wconf 87' lang='lat' dir='ltr'><strong>operibus</strong></span> <span class='ocrx_word' id='word_1_417' title='bbox 3309 2161 3437 2214; x_wconf 88' lang='lat' dir='ltr'><strong>suis.</strong></span> <span class='ocrx_word' id='word_1_418' title='bbox 3471 2160 3610 2232; x_wconf 84' lang='lat' dir='ltr'><strong>Ergo</strong></span> 
     </span>
    </p>
   </div>
   <div class='ocr_carea' id='block_1_52' title="bbox 2038 2243 3609 2307">
    <p class='ocr_par' dir='ltr' id='par_1_52' title="bbox 2038 2243 3609 2307">
     <span class='ocr_line' id='line_1_52' title="bbox 2038 2243 3609 2307; baseline 0.006 -11"><span class='ocrx_word' id='word_1_419' title='bbox 2038 2244 2092 2296; x_wconf 91' lang='lat' dir='ltr'><strong>in</strong></span> <span class='ocrx_word' id='word_1_420' title='bbox 2121 2244 2223 2297; x_wconf 89' lang='lat' dir='ltr'><strong>isto</strong></span> <span class='ocrx_word' id='word_1_421' title='bbox 2262 2243 2346 2298; x_wconf 78' lang='lat' dir='ltr'><strong>die</strong></span> <span class='ocrx_word' id='word_1_422' title='bbox 2372 2245 2699 2299; x_wconf 76' lang='lat' dir='ltr'><strong>sanctificato</strong></span> <span class='ocrx_word' id='word_1_423' title='bbox 2720 2244 3104 2300; x_wconf 85' lang='lat' dir='ltr'><strong>demonstravit</strong></span> <span class='ocrx_word' id='word_1_424' title='bbox 3133 2246 3386 2304; x_wconf 90' lang='lat' dir='ltr'><strong>Dominus</strong></span> <span class='ocrx_word' id='word_1_425' title='bbox 3426 2266 3609 2307; x_wconf 69' lang='lat' dir='ltr'><strong>omnes</strong></span> 
     </span>
    </p>
   </div>
   <div class='ocr_carea' id='block_1_53' title="bbox 2038 2336 3605 2411">
    <p class='ocr_par' dir='ltr' id='par_1_53' title="bbox 2038 2336 3605 2411">
     <span class='ocr_line' id='line_1_53' title="bbox 2038 2336 3605 2411; baseline 0.006 -23"><span class='ocrx_word' id='word_1_426' title='bbox 2038 2343 2255 2389; x_wconf 90' lang='lat' dir='ltr'><strong>sanctos</strong></span> <span class='ocrx_word' id='word_1_427' title='bbox 2280 2338 2332 2389; x_wconf 84' lang='lat' dir='ltr'><strong>et</strong></span> <span class='ocrx_word' id='word_1_428' title='bbox 2354 2336 2406 2388; x_wconf 91' lang='lat' dir='ltr'><strong>in</strong></span> <span class='ocrx_word' id='word_1_429' title='bbox 2437 2336 2553 2403; x_wconf 90' lang='lat' dir='ltr'><strong>lege</strong></span> <span class='ocrx_word' id='word_1_430' title='bbox 2581 2344 2635 2389; x_wconf 91' lang='lat' dir='ltr'><strong>et</strong></span> <span class='ocrx_word' id='word_1_431' title='bbox 2659 2336 2709 2389; x_wconf 88' lang='lat' dir='ltr'><strong>in</strong></span> <span class='ocrx_word' id='word_1_432' title='bbox 2730 2336 3004 2406; x_wconf 86' lang='lat' dir='ltr'><strong>prophetis</strong></span> <span class='ocrx_word' id='word_1_433' title='bbox 3032 2353 3152 2391; x_wconf 93' lang='lat' dir='ltr'><strong>cum</strong></span> <span class='ocrx_word' id='word_1_434' title='bbox 3190 2339 3363 2395; x_wconf 89' lang='lat' dir='ltr'><strong>beatis</strong></span> <span class='ocrx_word' id='word_1_435' title='bbox 3388 2351 3605 2411; x_wconf 79' lang='lat' dir='ltr'><strong>aposto—</strong></span> 
     </span>
    </p>
   </div>
   <div class='ocr_carea' id='block_1_54' title="bbox 2039 2423 3607 2500">
    <p class='ocr_par' dir='ltr' id='par_1_54' title="bbox 2039 2423 3607 2500">
     <span class='ocr_line' id='line_1_54' title="bbox 2039 2423 3607 2500; baseline 0.005 -22"><span class='ocrx_word' id='word_1_436' title='bbox 2039 2423 2104 2479; x_wconf 86' lang='lat' dir='ltr'><strong>lis</strong></span> <span class='ocrx_word' id='word_1_437' title='bbox 2124 2439 2302 2479; x_wconf 89' lang='lat' dir='ltr'><strong>secum</strong></span> <span class='ocrx_word' id='word_1_438' title='bbox 2331 2424 2383 2477; x_wconf 91' lang='lat' dir='ltr'><strong>in</strong></span> <span class='ocrx_word' id='word_1_439' title='bbox 2411 2439 2505 2479; x_wconf 88' lang='lat' dir='ltr'><strong>sua</strong></span> <span class='ocrx_word' id='word_1_440' title='bbox 2535 2423 2702 2492; x_wconf 89' lang='lat' dir='ltr'><strong>gloria</strong></span> <span class='ocrx_word' id='word_1_441' title='bbox 2728 2424 3021 2491; x_wconf 86' lang='lat' dir='ltr'><strong>adfuturos,</strong></span> <span class='ocrx_word' id='word_1_442' title='bbox 3052 2435 3107 2479; x_wconf 93' lang='lat' dir='ltr'><strong>et</strong></span> <span class='ocrx_word' id='word_1_443' title='bbox 3144 2442 3325 2483; x_wconf 90' lang='lat' dir='ltr'><strong>secum</strong></span> <span class='ocrx_word' id='word_1_444' title='bbox 3356 2446 3607 2500; x_wconf 88' lang='lat' dir='ltr'><strong>perman-</strong></span> 
     </span>
    </p>
   </div>
   <div class='ocr_carea' id='block_1_55' title="bbox 2038 2514 3606 2585">
    <p class='ocr_par' dir='ltr' id='par_1_55' title="bbox 2038 2514 3606 2585">
     <span class='ocr_line' id='line_1_55' title="bbox 2038 2514 3606 2585; baseline 0.003 -14"><span class='ocrx_word' id='word_1_445' title='bbox 2038 2531 2212 2571; x_wconf 90' lang='lat' dir='ltr'><strong>suros.</strong></span> <span class='ocrx_word' id='word_1_446' title='bbox 2264 2514 2475 2585; x_wconf 83' lang='lat' dir='ltr'><strong>Moyses</strong></span> <span class='ocrx_word' id='word_1_447' title='bbox 2521 2515 2793 2584; x_wconf 87' lang='lat' dir='ltr'><strong>legislator</strong></span> <span class='ocrx_word' id='word_1_448' title='bbox 2820 2516 2912 2584; x_wconf 90' lang='lat' dir='ltr'><strong>qui</strong></span> <span class='ocrx_word' id='word_1_449' title='bbox 2939 2515 3223 2585; x_wconf 84' lang='lat' dir='ltr'><strong>descripsit</strong></span> <span class='ocrx_word' id='word_1_450' title='bbox 3250 2526 3437 2576; x_wconf 83' lang='lat' dir='ltr'><strong>omnes</strong></span> <span class='ocrx_word' id='word_1_451' title='bbox 3482 2538 3606 2579; x_wconf 88' lang='lat' dir='ltr'><strong>san-</strong></span> 
     </span>
    </p>
   </div>
   <div class='ocr_carea' id='block_1_56' title="bbox 2039 2604 3607 2676">
    <p class='ocr_par' dir='ltr' id='par_1_56' title="bbox 2039 2604 3607 2676">
     <span class='ocr_line' id='line_1_56' title="bbox 2039 2604 3607 2676; baseline 0.005 -17"><span class='ocrx_word' id='word_1_452' title='bbox 2039 2611 2157 2659; x_wconf 87' lang='lat' dir='ltr'><strong>ctos</strong></span> <span class='ocrx_word' id='word_1_453' title='bbox 2183 2604 2250 2658; x_wconf 90' lang='lat' dir='ltr'><strong>ab</strong></span> <span class='ocrx_word' id='word_1_454' title='bbox 2288 2605 2490 2672; x_wconf 84' lang='lat' dir='ltr'><strong>origine</strong></span> <span class='ocrx_word' id='word_1_455' title='bbox 2517 2604 2720 2672; x_wconf 86' lang='lat' dir='ltr'><strong>mundi,</strong></span> <span class='ocrx_word' id='word_1_456' title='bbox 2748 2620 2869 2659; x_wconf 88' lang='lat' dir='ltr'><strong>cum</strong></span> <span class='ocrx_word' id='word_1_457' title='bbox 2915 2607 3030 2676; x_wconf 92' lang='lat' dir='ltr'><strong>ipso</strong></span> <span class='ocrx_word' id='word_1_458' title='bbox 3072 2619 3201 2675; x_wconf 84' lang='lat' dir='ltr'><strong>ergo</strong></span> <span class='ocrx_word' id='word_1_459' title='bbox 3227 2624 3411 2665; x_wconf 90' lang='lat' dir='ltr'><strong>omnes</strong></span> <span class='ocrx_word' id='word_1_460' title='bbox 3438 2616 3607 2667; x_wconf 86' lang='lat' dir='ltr'><strong>sancti</strong></span> 
     </span>
    </p>
   </div>
   <div class='ocr_carea' id='block_1_57' title="bbox 2038 2696 3607 2772">
    <p class='ocr_par' dir='ltr' id='par_1_57' title="bbox 2038 2696 3607 2772">
     <span class='ocr_line' id='line_1_57' title="bbox 2038 2696 3607 2772; baseline 0.004 -22"><span class='ocrx_word' id='word_1_461' title='bbox 2038 2704 2333 2765; x_wconf 85' lang='lat' dir='ltr'><strong>resurgent.</strong></span> <span class='ocrx_word' id='word_1_462' title='bbox 2364 2696 2509 2753; x_wconf 87' lang='lat' dir='ltr'><strong>Elias</strong></span> <span class='ocrx_word' id='word_1_463' title='bbox 2530 2714 2810 2752; x_wconf 89' lang='lat' dir='ltr'><strong>numerum</strong></span> <span class='ocrx_word' id='word_1_464' title='bbox 2851 2699 3235 2769; x_wconf 88' lang='lat' dir='ltr'><strong>prophetarum</strong></span> <span class='ocrx_word' id='word_1_465' title='bbox 3276 2704 3530 2772; x_wconf 67' lang='lat' dir='ltr'><strong>ostendit,</strong></span> <span class='ocrx_word' id='word_1_466' title='bbox 3553 2714 3607 2759; x_wconf 87' lang='lat' dir='ltr'><strong>et</strong></span> 
     </span>
    </p>
   </div>
   <div class='ocr_carea' id='block_1_58' title="bbox 2037 2788 3606 2862">
    <p class='ocr_par' dir='ltr' id='par_1_58' title="bbox 2037 2788 3606 2862">
     <span class='ocr_line' id='line_1_58' title="bbox 2037 2788 3606 2862; baseline 0.004 -21"><span class='ocrx_word' id='word_1_467' title='bbox 2037 2802 2157 2841; x_wconf 90' lang='lat' dir='ltr'><strong>cum</strong></span> <span class='ocrx_word' id='word_1_468' title='bbox 2190 2788 2303 2857; x_wconf 91' lang='lat' dir='ltr'><strong>ipso</strong></span> <span class='ocrx_word' id='word_1_469' title='bbox 2329 2804 2514 2843; x_wconf 83' lang='lat' dir='ltr'><strong>omnes</strong></span> <span class='ocrx_word' id='word_1_470' title='bbox 2533 2789 2808 2857; x_wconf 61' lang='lat' dir='ltr'><strong>prophetae</strong></span> <span class='ocrx_word' id='word_1_471' title='bbox 2830 2789 2881 2843; x_wconf 93' lang='lat' dir='ltr'><strong>in</strong></span> <span class='ocrx_word' id='word_1_472' title='bbox 2906 2790 3085 2859; x_wconf 81' lang='lat' dir='ltr'><strong>Moyse</strong></span> <span class='ocrx_word' id='word_1_473' title='bbox 3115 2798 3167 2845; x_wconf 91' lang='lat' dir='ltr'><strong>et</strong></span> <span class='ocrx_word' id='word_1_474' title='bbox 3189 2790 3319 2854; x_wconf 86' lang='lat' dir='ltr'><strong>Elia,</strong></span> <span class='ocrx_word' id='word_1_475' title='bbox 3344 2794 3432 2862; x_wconf 90' lang='lat' dir='ltr'><strong>qui</strong></span> <span class='ocrx_word' id='word_1_476' title='bbox 3464 2810 3606 2848; x_wconf 87' lang='lat' dir='ltr'><strong>mor-</strong></span> 
     </span>
    </p>
   </div>
   <div class='ocr_carea' id='block_1_59' title="bbox 2039 2878 3613 2952">
    <p class='ocr_par' dir='ltr' id='par_1_59' title="bbox 2039 2878 3613 2952">
     <span class='ocr_line' id='line_1_59' title="bbox 2039 2878 3613 2952; baseline 0.006 -22"><span class='ocrx_word' id='word_1_477' title='bbox 2039 2878 2114 2931; x_wconf 92' lang='lat' dir='ltr'><strong>tui</strong></span> <span class='ocrx_word' id='word_1_478' title='bbox 2144 2886 2267 2931; x_wconf 91' lang='lat' dir='ltr'><strong>sunt</strong></span> <span class='ocrx_word' id='word_1_479' title='bbox 2295 2884 2351 2932; x_wconf 90' lang='lat' dir='ltr'><strong>et</strong></span> <span class='ocrx_word' id='word_1_480' title='bbox 2377 2880 2566 2948; x_wconf 88' lang='lat' dir='ltr'><strong>sepulti</strong></span> <span class='ocrx_word' id='word_1_481' title='bbox 2588 2920 2601 2941; x_wconf 88' lang='lat'><strong>,</strong></span> <span class='ocrx_word' id='word_1_482' title='bbox 2634 2880 2739 2933; x_wconf 70' lang='lat' dir='ltr'><strong>vivi</strong></span> <span class='ocrx_word' id='word_1_483' title='bbox 2766 2880 3124 2946; x_wconf 88' lang='lat' dir='ltr'><strong>invenientur,</strong></span> <span class='ocrx_word' id='word_1_484' title='bbox 3154 2890 3208 2936; x_wconf 90' lang='lat' dir='ltr'><strong>et</strong></span> <span class='ocrx_word' id='word_1_485' title='bbox 3253 2884 3525 2952; x_wconf 88' lang='lat' dir='ltr'><strong>rapientur</strong></span> <span class='ocrx_word' id='word_1_486' title='bbox 3557 2886 3613 2939; x_wconf 82' lang='lat' dir='ltr'><strong>in</strong></span> 
     </span>
    </p>
   </div>
   <div class='ocr_carea' id='block_1_60' title="bbox 2039 2967 3605 3043">
    <p class='ocr_par' dir='ltr' id='par_1_60' title="bbox 2039 2967 3605 3043">
     <span class='ocr_line' id='line_1_60' title="bbox 2039 2967 3605 3043; baseline 0.003 -23"><span class='ocrx_word' id='word_1_487' title='bbox 2039 2967 2266 3021; x_wconf 88' lang='lat' dir='ltr'><strong>nubibus</strong></span> <span class='ocrx_word' id='word_1_488' title='bbox 2292 2967 2502 3021; x_wconf 84' lang='lat' dir='ltr'><strong>obviam</strong></span> <span class='ocrx_word' id='word_1_489' title='bbox 2532 2968 2760 3023; x_wconf 90' lang='lat' dir='ltr'><strong>Domino</strong></span> <span class='ocrx_word' id='word_1_490' title='bbox 2791 2970 2841 3023; x_wconf 92' lang='lat' dir='ltr'><strong>in</strong></span> <span class='ocrx_word' id='word_1_491' title='bbox 2873 2986 3016 3023; x_wconf 89' lang='lat' dir='ltr'><strong>aera.</strong></span> <span class='ocrx_word' id='word_1_492' title='bbox 3047 2970 3178 3026; x_wconf 87' lang='lat' dir='ltr'><strong>Tres</strong></span> <span class='ocrx_word' id='word_1_493' title='bbox 3207 2988 3332 3040; x_wconf 83' lang='lat' dir='ltr'><strong>ergo</strong></span> <span class='ocrx_word' id='word_1_494' title='bbox 3357 2976 3605 3043; x_wconf 81' lang='lat' dir='ltr'><strong>apostoli,</strong></span> 
     </span>
    </p>
   </div>
   <div class='ocr_carea' id='block_1_61' title="bbox 2040 3055 3605 3126">
    <p class='ocr_par' dir='ltr' id='par_1_61' title="bbox 2040 3055 3605 3126">
     <span class='ocr_line' id='line_1_61' title="bbox 2040 3055 3605 3126; baseline 0.006 -17"><span class='ocrx_word' id='word_1_495' title='bbox 2040 3055 2259 3122; x_wconf 86' lang='lat' dir='ltr'><strong>Petrus,</strong></span> <span class='ocrx_word' id='word_1_496' title='bbox 2285 3056 2517 3111; x_wconf 69' lang='lat' dir='ltr'><strong>Iacobus</strong></span> <span class='ocrx_word' id='word_1_497' title='bbox 2544 3066 2596 3111; x_wconf 88' lang='lat' dir='ltr'><strong>et</strong></span> <span class='ocrx_word' id='word_1_498' title='bbox 2623 3056 2854 3112; x_wconf 75' lang='lat' dir='ltr'><strong>Joannes</strong></span> <span class='ocrx_word' id='word_1_499' title='bbox 2882 3059 3161 3114; x_wconf 83' lang='lat' dir='ltr'><strong>eredcntes</strong></span> <span class='ocrx_word' id='word_1_500' title='bbox 3189 3076 3390 3126; x_wconf 84' lang='lat' dir='ltr'><strong>secum,</strong></span> <span class='ocrx_word' id='word_1_501' title='bbox 3420 3078 3605 3118; x_wconf 71' lang='lat' dir='ltr'><strong>omnes</strong></span> 
     </span>
    </p>
   </div>
   <div class='ocr_carea' id='block_1_62' title="bbox 365 3147 3605 3217">
    <p class='ocr_par' dir='ltr' id='par_1_62' title="bbox 365 3147 3605 3217">
     <span class='ocr_line' id='line_1_62' title="bbox 365 3147 3605 3217; baseline 0.003 -17"><span class='ocrx_word' id='word_1_502' title='bbox 365 3147 471 3215; x_wconf 86' lang='lat' dir='ltr'><strong>cti,</strong></span> <span class='ocrx_word' id='word_1_503' title='bbox 518 3149 733 3204; x_wconf 85' lang='lat' dir='ltr'><strong>lucebat</strong></span> <span class='ocrx_word' id='word_1_504' title='bbox 776 3151 978 3206; x_wconf 88' lang='lat' dir='ltr'><strong>lumine</strong></span> <span class='ocrx_word' id='word_1_505' title='bbox 1021 3151 1235 3207; x_wconf 81' lang='lat' dir='ltr'><strong>Christi.</strong></span> <span class='ocrx_word' id='word_1_506' title='bbox 1286 3154 1421 3206; x_wconf 84' lang='lat' dir='ltr'><strong>Audi</strong></span> <span class='ocrx_word' id='word_1_507' title='bbox 1466 3154 1621 3208; x_wconf 89' lang='lat' dir='ltr'><strong>istam</strong></span> <span class='ocrx_word' id='word_1_508' title='bbox 1662 3154 1933 3209; x_wconf 85' lang='lat' dir='ltr'><strong>lucernam</strong></span> <span class='ocrx_word' id='word_1_509' title='bbox 1964 3155 2007 3217; x_wconf 89' lang='lat' dir='ltr'><strong>C</strong></span> <span class='ocrx_word' id='word_1_510' title='bbox 2039 3148 2201 3201; x_wconf 77' lang='lat' dir='ltr'><strong>etiam</strong></span> <span class='ocrx_word' id='word_1_511' title='bbox 2230 3147 2319 3214; x_wconf 85' lang='lat' dir='ltr'><strong>qui</strong></span> <span class='ocrx_word' id='word_1_512' title='bbox 2348 3156 2645 3216; x_wconf 77' lang='lat' dir='ltr'><strong>sequuntur</strong></span> <span class='ocrx_word' id='word_1_513' title='bbox 2669 3147 2825 3202; x_wconf 75' lang='lat' dir='ltr'><strong>ﬁdem</strong></span> <span class='ocrx_word' id='word_1_514' title='bbox 2867 3149 3039 3215; x_wconf 82' lang='lat' dir='ltr'><strong>Petri,</strong></span> <span class='ocrx_word' id='word_1_515' title='bbox 3073 3150 3257 3206; x_wconf 81' lang='lat' dir='ltr'><strong>Jacobi</strong></span> <span class='ocrx_word' id='word_1_516' title='bbox 3286 3163 3340 3207; x_wconf 87' lang='lat' dir='ltr'><strong>et</strong></span> <span class='ocrx_word' id='word_1_517' title='bbox 3366 3152 3605 3210; x_wconf 83' lang='lat' dir='ltr'><strong>Joannis.</strong></span> 
     </span>
    </p>
   </div>
   <div class='ocr_carea' id='block_1_63' title="bbox 365 3237 1936 3316">
    <p class='ocr_par' dir='ltr' id='par_1_63' title="bbox 365 3237 1936 3316">
     <span class='ocr_line' id='line_1_63' title="bbox 365 3237 1936 3316; baseline 0.004 -24"><span class='ocrx_word' id='word_1_518' title='bbox 365 3237 688 3295; x_wconf 87' lang='lat' dir='ltr'><strong>clamantem</strong></span> <span class='ocrx_word' id='word_1_519' title='bbox 734 3240 799 3295; x_wconf 90' lang='lat' dir='ltr'><strong>de</strong></span> <span class='ocrx_word' id='word_1_520' title='bbox 838 3241 1050 3297; x_wconf 89' lang='lat' dir='ltr'><strong>Christo</strong></span> <span class='ocrx_word' id='word_1_521' title='bbox 1091 3252 1145 3298; x_wconf 88' lang='lat' dir='ltr'><strong>et</strong></span> <span class='ocrx_word' id='word_1_522' title='bbox 1172 3244 1473 3299; x_wconf 89' lang='lat' dir='ltr'><strong>dicentem:</strong></span> <span class='ocrx_word' id='word_1_523' title='bbox 1509 3244 1609 3298; x_wconf 83' lang='lat' dir='ltr'><strong>Hic</strong></span> <span class='ocrx_word' id='word_1_524' title='bbox 1647 3255 1722 3298; x_wconf 88' lang='lat' dir='ltr'><strong>est</strong></span> <span class='ocrx_word' id='word_1_525' title='bbox 1760 3247 1936 3316; x_wconf 76' lang='lat' dir='ltr'><strong>Agnus</strong></span> 
     </span>
    </p>
   </div>
   <div class='ocr_carea' id='block_1_64' title="bbox 367 3320 1937 3405">
    <p class='ocr_par' dir='ltr' id='par_1_64' title="bbox 367 3320 1937 3405">
     <span class='ocr_line' id='line_1_64' title="bbox 367 3320 1937 3405; baseline 0.006 -24"><span class='ocrx_word' id='word_1_526' title='bbox 367 3326 486 3392; x_wconf 88' lang='lat' dir='ltr'><strong>Dei,</strong></span> <span class='ocrx_word' id='word_1_527' title='bbox 517 3330 598 3383; x_wconf 87' lang='lat' dir='ltr'><strong>hic</strong></span> <span class='ocrx_word' id='word_1_528' title='bbox 628 3340 705 3385; x_wconf 87' lang='lat' dir='ltr'><strong>est</strong></span> <span class='ocrx_word' id='word_1_529' title='bbox 734 3336 819 3402; x_wconf 85' lang='lat' dir='ltr'><strong>qui</strong></span> <span class='ocrx_word' id='word_1_530' title='bbox 852 3320 983 3387; x_wconf 72' lang='lat' dir='ltr'><strong>tollit</strong></span> <span class='ocrx_word' id='word_1_531' title='bbox 1011 3344 1217 3403; x_wconf 85' lang='lat' dir='ltr'><strong>peccata</strong></span> <span class='ocrx_word' id='word_1_532' title='bbox 1238 3336 1412 3388; x_wconf 88' lang='lat' dir='ltr'><strong>mundi</strong></span> <span class='ocrx_word' id='word_1_533' title='bbox 1433 3336 1610 3405; x_wconf 83' lang='lat' dir='ltr'><strong>(Joan.</strong></span> <span class='ocrx_word' id='word_1_534' title='bbox 1642 3336 1680 3404; x_wconf 81' lang='grc' dir='ltr'><strong>ι)</strong></span> <span class='ocrx_word' id='word_1_535' title='bbox 1711 3352 1724 3401; x_wconf 93' lang='grc'><strong>;</strong></span> <span class='ocrx_word' id='word_1_536' title='bbox 1756 3344 1810 3389; x_wconf 88' lang='lat' dir='ltr'><strong>et</strong></span> <span class='ocrx_word' id='word_1_537' title='bbox 1839 3337 1937 3390; x_wconf 88' lang='lat' dir='ltr'><strong>ite-</strong></span> 
     </span>
    </p>
   </div>
   <div class='ocr_carea' id='block_1_65' title="bbox 366 3420 1936 3496">
    <p class='ocr_par' dir='ltr' id='par_1_65' title="bbox 366 3420 1936 3496">
     <span class='ocr_line' id='line_1_65' title="bbox 366 3420 1936 3496; baseline 0.005 -25"><span class='ocrx_word' id='word_1_538' title='bbox 366 3432 505 3483; x_wconf 89' lang='lat' dir='ltr'><strong>rum,</strong></span> <span class='ocrx_word' id='word_1_539' title='bbox 538 3421 647 3473; x_wconf 88' lang='lat' dir='ltr'><strong>ait:</strong></span> <span class='ocrx_word' id='word_1_540' title='bbox 691 3420 859 3477; x_wconf 80' lang='lat' dir='ltr'><strong>Ilomo</strong></span> <span class='ocrx_word' id='word_1_541' title='bbox 899 3425 983 3494; x_wconf 85' lang='lat' dir='ltr'><strong>qui</strong></span> <span class='ocrx_word' id='word_1_542' title='bbox 1031 3434 1145 3492; x_wconf 86' lang='lat' dir='ltr'><strong>post</strong></span> <span class='ocrx_word' id='word_1_543' title='bbox 1189 3440 1267 3478; x_wconf 88' lang='lat' dir='ltr'><strong>me</strong></span> <span class='ocrx_word' id='word_1_544' title='bbox 1314 3426 1474 3490; x_wconf 85' lang='lat' dir='ltr'><strong>venit,</strong></span> <span class='ocrx_word' id='word_1_545' title='bbox 1522 3434 1639 3478; x_wconf 85' lang='lat' dir='ltr'><strong>ante</strong></span> <span class='ocrx_word' id='word_1_546' title='bbox 1665 3442 1744 3478; x_wconf 88' lang='lat' dir='ltr'><strong>me</strong></span> <span class='ocrx_word' id='word_1_547' title='bbox 1770 3428 1936 3496; x_wconf 84' lang='lat' dir='ltr'><strong>factus</strong></span> 
     </span>
    </p>
   </div>
   <div class='ocr_carea' id='block_1_66' title="bbox 366 3513 1933 3587">
    <p class='ocr_par' dir='ltr' id='par_1_66' title="bbox 366 3513 1933 3587">
     <span class='ocr_line' id='line_1_66' title="bbox 366 3513 1933 3587; baseline 0.004 -24"><span class='ocrx_word' id='word_1_548' title='bbox 366 3520 476 3575; x_wconf 84' lang='lat' dir='ltr'><strong>est;</strong></span> <span class='ocrx_word' id='word_1_549' title='bbox 499 3513 642 3582; x_wconf 86' lang='lat' dir='ltr'><strong>cujus</strong></span> <span class='ocrx_word' id='word_1_550' title='bbox 664 3530 765 3568; x_wconf 90' lang='lat' dir='ltr'><strong>non</strong></span> <span class='ocrx_word' id='word_1_551' title='bbox 799 3532 910 3569; x_wconf 87' lang='lat' dir='ltr'><strong>sum</strong></span> <span class='ocrx_word' id='word_1_552' title='bbox 947 3517 1132 3587; x_wconf 88' lang='lat' dir='ltr'><strong>dignus</strong></span> <span class='ocrx_word' id='word_1_553' title='bbox 1162 3518 1509 3571; x_wconf 87' lang='lat' dir='ltr'><strong>calceamenta</strong></span> <span class='ocrx_word' id='word_1_554' title='bbox 1536 3524 1741 3587; x_wconf 86' lang='lat' dir='ltr'><strong>portare</strong></span> <span class='ocrx_word' id='word_1_555' title='bbox 1770 3515 1933 3587; x_wconf 87' lang='lat' dir='ltr'><strong>(Ibid.</strong></span> 
     </span>
    </p>
   </div>
   <div class='ocr_carea' id='block_1_67' title="bbox 366 3604 1937 3675">
    <p class='ocr_par' dir='ltr' id='par_1_67' title="bbox 366 3604 1937 3675">
     <span class='ocr_line' id='line_1_67' title="bbox 366 3604 1937 3675; baseline 0.004 -19"><span class='ocrx_word' id='word_1_556' title='bbox 366 3604 558 3674; x_wconf 78' lang='lat' dir='ltr'><strong>xxvii).</strong></span> <span class='ocrx_word' id='word_1_557' title='bbox 600 3604 741 3673; x_wconf 83' lang='lat' dir='ltr'><strong>Ergo</strong></span> <span class='ocrx_word' id='word_1_558' title='bbox 778 3608 1089 3675; x_wconf 59' lang='lat' dir='ltr'><strong>splen&#39;lebat</strong></span> <span class='ocrx_word' id='word_1_559' title='bbox 1120 3624 1269 3663; x_wconf 89' lang='lat' dir='ltr'><strong>mens</strong></span> <span class='ocrx_word' id='word_1_560' title='bbox 1302 3608 1445 3662; x_wconf 90' lang='lat' dir='ltr'><strong>beati</strong></span> <span class='ocrx_word' id='word_1_561' title='bbox 1481 3606 1699 3662; x_wconf 85' lang='lat' dir='ltr'><strong>Joannis</strong></span> <span class='ocrx_word' id='word_1_562' title='bbox 1738 3608 1937 3663; x_wconf 90' lang='lat' dir='ltr'><strong>lumine</strong></span> 
     </span>
    </p>
   </div>
   <div class='ocr_carea' id='block_1_68' title="bbox 368 3691 1940 3768">
    <p class='ocr_par' dir='ltr' id='par_1_68' title="bbox 368 3691 1940 3768">
     <span class='ocr_line' id='line_1_68' title="bbox 368 3691 1940 3768; baseline 0.004 -21"><span class='ocrx_word' id='word_1_563' title='bbox 368 3691 601 3761; x_wconf 88' lang='lat' dir='ltr'><strong>Christi,</strong></span> <span class='ocrx_word' id='word_1_564' title='bbox 635 3696 757 3764; x_wconf 90' lang='lat' dir='ltr'><strong>quia</strong></span> <span class='ocrx_word' id='word_1_565' title='bbox 783 3696 850 3751; x_wconf 90' lang='lat' dir='ltr'><strong>de</strong></span> <span class='ocrx_word' id='word_1_566' title='bbox 878 3697 1206 3767; x_wconf 87' lang='lat' dir='ltr'><strong>plenitudine</strong></span> <span class='ocrx_word' id='word_1_567' title='bbox 1227 3698 1369 3767; x_wconf 89' lang='lat' dir='ltr'><strong>ejus,</strong></span> <span class='ocrx_word' id='word_1_568' title='bbox 1410 3699 1548 3753; x_wconf 89' lang='lat' dir='ltr'><strong>sicut</strong></span> <span class='ocrx_word' id='word_1_569' title='bbox 1571 3699 1827 3768; x_wconf 88' lang='lat' dir='ltr'><strong>scriptum</strong></span> <span class='ocrx_word' id='word_1_570' title='bbox 1857 3708 1940 3754; x_wconf 91' lang='lat' dir='ltr'><strong>est</strong></span> 
     </span>
    </p>
   </div>
   <div class='ocr_carea' id='block_1_69' title="bbox 369 3781 1935 3859">
    <p class='ocr_par' dir='ltr' id='par_1_69' title="bbox 369 3781 1935 3859">
     <span class='ocr_line' id='line_1_69' title="bbox 369 3781 1935 3859; baseline 0.006 -26"><span class='ocrx_word' id='word_1_571' title='bbox 369 3781 553 3854; x_wconf 81' lang='lat' dir='ltr'><strong>(Joan.</strong></span> <span class='ocrx_word' id='word_1_572' title='bbox 579 3782 642 3854; x_wconf 85' lang='grc' dir='ltr'><strong>ι),</strong></span> <span class='ocrx_word' id='word_1_573' title='bbox 689 3800 877 3842; x_wconf 90' lang='lat' dir='ltr'><strong>omnes</strong></span> <span class='ocrx_word' id='word_1_574' title='bbox 923 3787 1093 3842; x_wconf 87' lang='lat' dir='ltr'><strong>sancti</strong></span> <span class='ocrx_word' id='word_1_575' title='bbox 1129 3788 1397 3858; x_wconf 88' lang='lat' dir='ltr'><strong>accipiunt</strong></span> <span class='ocrx_word' id='word_1_576' title='bbox 1436 3789 1659 3858; x_wconf 86' lang='lat' dir='ltr'><strong>gratiam</strong></span> <span class='ocrx_word' id='word_1_577' title='bbox 1686 3803 1785 3859; x_wconf 72' lang='lat' dir='ltr'><strong>pro</strong></span> <span class='ocrx_word' id='word_1_578' title='bbox 1812 3802 1935 3857; x_wconf 89' lang='lat' dir='ltr'><strong>gra-</strong></span> 
     </span>
    </p>
   </div>
   <div class='ocr_carea' id='block_1_70' title="bbox 368 3871 1937 3948">
    <p class='ocr_par' dir='ltr' id='par_1_70' title="bbox 368 3871 1937 3948">
     <span class='ocr_line' id='line_1_70' title="bbox 368 3871 1937 3948; baseline 0.006 -23"><span class='ocrx_word' id='word_1_579' title='bbox 368 3871 464 3926; x_wconf 85' lang='lat' dir='ltr'><strong>tia.</strong></span> <span class='ocrx_word' id='word_1_580' title='bbox 510 3872 587 3929; x_wconf 91' lang='lat' dir='ltr'><strong>De</strong></span> <span class='ocrx_word' id='word_1_581' title='bbox 615 3875 813 3931; x_wconf 90' lang='lat' dir='ltr'><strong>lumine</strong></span> <span class='ocrx_word' id='word_1_582' title='bbox 840 3876 956 3945; x_wconf 88' lang='lat' dir='ltr'><strong>ejus</strong></span> <span class='ocrx_word' id='word_1_583' title='bbox 983 3878 1251 3948; x_wconf 90' lang='lat' dir='ltr'><strong>accipiunt</strong></span> <span class='ocrx_word' id='word_1_584' title='bbox 1279 3894 1465 3934; x_wconf 88' lang='lat' dir='ltr'><strong>omnes</strong></span> <span class='ocrx_word' id='word_1_585' title='bbox 1491 3880 1692 3945; x_wconf 89' lang='lat' dir='ltr'><strong>sancti,</strong></span> <span class='ocrx_word' id='word_1_586' title='bbox 1741 3888 1796 3934; x_wconf 89' lang='lat' dir='ltr'><strong>et</strong></span> <span class='ocrx_word' id='word_1_587' title='bbox 1830 3894 1937 3934; x_wconf 92' lang='lat' dir='ltr'><strong>non</strong></span> 
     </span>
    </p>
   </div>
   <div class='ocr_carea' id='block_1_71' title="bbox 366 3961 1940 4038">
    <p class='ocr_par' dir='ltr' id='par_1_71' title="bbox 366 3961 1940 4038">
     <span class='ocr_line' id='line_1_71' title="bbox 366 3961 1940 4038; baseline 0.006 -24"><span class='ocrx_word' id='word_1_588' title='bbox 366 3961 624 4018; x_wconf 91' lang='lat' dir='ltr'><strong>dividitur</strong></span> <span class='ocrx_word' id='word_1_589' title='bbox 668 3966 721 4020; x_wconf 93' lang='lat' dir='ltr'><strong>in</strong></span> <span class='ocrx_word' id='word_1_590' title='bbox 761 3962 973 4036; x_wconf 77' lang='lat' dir='ltr'><strong>partes,</strong></span> <span class='ocrx_word' id='word_1_591' title='bbox 1016 3984 1125 4024; x_wconf 91' lang='lat' dir='ltr'><strong>non</strong></span> <span class='ocrx_word' id='word_1_592' title='bbox 1164 3968 1420 4023; x_wconf 89' lang='lat' dir='ltr'><strong>minuitur</strong></span> <span class='ocrx_word' id='word_1_593' title='bbox 1446 3968 1697 4038; x_wconf 89' lang='lat' dir='ltr'><strong>majestas</strong></span> <span class='ocrx_word' id='word_1_594' title='bbox 1726 3969 1940 4025; x_wconf 89' lang='lat' dir='ltr'><strong>luminis</strong></span> 
     </span>
    </p>
   </div>
   <div class='ocr_carea' id='block_1_72' title="bbox 367 4050 1939 4127">
    <p class='ocr_par' dir='ltr' id='par_1_72' title="bbox 367 4050 1939 4127">
     <span class='ocr_line' id='line_1_72' title="bbox 367 4050 1939 4127; baseline 0.005 -22"><span class='ocrx_word' id='word_1_595' title='bbox 367 4050 587 4109; x_wconf 86' lang='lat' dir='ltr'><strong>Christi.</strong></span> <span class='ocrx_word' id='word_1_596' title='bbox 619 4054 675 4109; x_wconf 91' lang='lat' dir='ltr'><strong>Si</strong></span> <span class='ocrx_word' id='word_1_597' title='bbox 697 4057 839 4110; x_wconf 90' lang='lat' dir='ltr'><strong>enim</strong></span> <span class='ocrx_word' id='word_1_598' title='bbox 870 4058 1045 4113; x_wconf 92' lang='lat' dir='ltr'><strong>lumen</strong></span> <span class='ocrx_word' id='word_1_599' title='bbox 1067 4059 1332 4127; x_wconf 79' lang='lat' dir='ltr'><strong>lucernze&#39;,</strong></span> <span class='ocrx_word' id='word_1_600' title='bbox 1363 4059 1601 4114; x_wconf 89' lang='lat' dir='ltr'><strong>accensis</strong></span> <span class='ocrx_word' id='word_1_601' title='bbox 1640 4060 1763 4114; x_wconf 90' lang='lat' dir='ltr'><strong>inde</strong></span> <span class='ocrx_word' id='word_1_602' title='bbox 1792 4059 1939 4114; x_wconf 87' lang='lat' dir='ltr'><strong>verbi</strong></span> 
     </span>
    </p>
   </div>
   <div class='ocr_carea' id='block_1_73' title="bbox 368 4144 1939 4219">
    <p class='ocr_par' dir='ltr' id='par_1_73' title="bbox 368 4144 1939 4219">
     <span class='ocr_line' id='line_1_73' title="bbox 368 4144 1939 4219; baseline 0.004 -22"><span class='ocrx_word' id='word_1_603' title='bbox 368 4147 541 4211; x_wconf 84' lang='lat' dir='ltr'><strong>gratia</strong></span> <span class='ocrx_word' id='word_1_604' title='bbox 586 4144 774 4201; x_wconf 90' lang='lat' dir='ltr'><strong>faculis</strong></span> <span class='ocrx_word' id='word_1_605' title='bbox 794 4148 937 4204; x_wconf 92' lang='lat' dir='ltr'><strong>mille</strong></span> <span class='ocrx_word' id='word_1_606' title='bbox 956 4191 970 4213; x_wconf 96' lang='lat'><strong>,</strong></span> <span class='ocrx_word' id='word_1_607' title='bbox 1007 4151 1090 4204; x_wconf 90' lang='lat' dir='ltr'><strong>vel</strong></span> <span class='ocrx_word' id='word_1_608' title='bbox 1120 4150 1350 4205; x_wconf 89' lang='lat' dir='ltr'><strong>lucernis</strong></span> <span class='ocrx_word' id='word_1_609' title='bbox 1376 4151 1799 4219; x_wconf 86' lang='lat' dir='ltr'><strong>quamplurimis,</strong></span> <span class='ocrx_word' id='word_1_610' title='bbox 1833 4166 1939 4204; x_wconf 90' lang='lat' dir='ltr'><strong>non</strong></span> 
     </span>
    </p>
   </div>
   <div class='ocr_carea' id='block_1_74' title="bbox 366 4237 1937 4311">
    <p class='ocr_par' dir='ltr' id='par_1_74' title="bbox 366 4237 1937 4311">
     <span class='ocr_line' id='line_1_74' title="bbox 366 4237 1937 4311; baseline 0.004 -21"><span class='ocrx_word' id='word_1_611' title='bbox 366 4237 629 4293; x_wconf 90' lang='lat' dir='ltr'><strong>minuitur</strong></span> <span class='ocrx_word' id='word_1_612' title='bbox 647 4240 735 4295; x_wconf 88' lang='lat' dir='ltr'><strong>ille</strong></span> <span class='ocrx_word' id='word_1_613' title='bbox 765 4242 917 4310; x_wconf 88' lang='lat' dir='ltr'><strong>ignis,</strong></span> <span class='ocrx_word' id='word_1_614' title='bbox 949 4258 1120 4311; x_wconf 88' lang='lat' dir='ltr'><strong>neque</strong></span> <span class='ocrx_word' id='word_1_615' title='bbox 1142 4257 1209 4297; x_wconf 80' lang='lat' dir='ltr'><strong>ex</strong></span> <span class='ocrx_word' id='word_1_616' title='bbox 1236 4257 1355 4297; x_wconf 90' lang='lat' dir='ltr'><strong>sese</strong></span> <span class='ocrx_word' id='word_1_617' title='bbox 1382 4243 1435 4296; x_wconf 93' lang='lat' dir='ltr'><strong>in</strong></span> <span class='ocrx_word' id='word_1_618' title='bbox 1464 4250 1642 4311; x_wconf 89' lang='lat' dir='ltr'><strong>partes</strong></span> <span class='ocrx_word' id='word_1_619' title='bbox 1668 4242 1937 4309; x_wconf 88' lang='lat' dir='ltr'><strong>dividitur;</strong></span> 
     </span>
    </p>
   </div>
   <div class='ocr_carea' id='block_1_75' title="bbox 366 4332 1943 4403">
    <p class='ocr_par' dir='ltr' id='par_1_75' title="bbox 366 4332 1943 4403">
     <span class='ocr_line' id='line_1_75' title="bbox 366 4332 1943 4403; baseline 0.003 -21"><span class='ocrx_word' id='word_1_620' title='bbox 366 4338 573 4396; x_wconf 90' lang='lat' dir='ltr'><strong>quanto</strong></span> <span class='ocrx_word' id='word_1_621' title='bbox 598 4333 766 4401; x_wconf 89' lang='lat' dir='ltr'><strong>magis</strong></span> <span class='ocrx_word' id='word_1_622' title='bbox 793 4333 1044 4401; x_wconf 88' lang='lat' dir='ltr'><strong>majestas</strong></span> <span class='ocrx_word' id='word_1_623' title='bbox 1071 4332 1263 4388; x_wconf 88' lang='lat' dir='ltr'><strong>Christi</strong></span> <span class='ocrx_word' id='word_1_624' title='bbox 1284 4333 1440 4402; x_wconf 91' lang='lat' dir='ltr'><strong>plena</strong></span> <span class='ocrx_word' id='word_1_625' title='bbox 1469 4343 1569 4403; x_wconf 87' lang='lat' dir='ltr'><strong>est,</strong></span> <span class='ocrx_word' id='word_1_626' title='bbox 1597 4341 1654 4387; x_wconf 89' lang='lat' dir='ltr'><strong>et</strong></span> <span class='ocrx_word' id='word_1_627' title='bbox 1692 4334 1744 4386; x_wconf 93' lang='lat' dir='ltr'><strong>in</strong></span> <span class='ocrx_word' id='word_1_628' title='bbox 1774 4334 1943 4387; x_wconf 91' lang='lat' dir='ltr'><strong>omni-</strong></span> 
     </span>
    </p>
   </div>
   <div class='ocr_carea' id='block_1_76' title="bbox 364 4417 1937 4491">
    <p class='ocr_par' dir='ltr' id='par_1_76' title="bbox 364 4417 1937 4491">
     <span class='ocr_line' id='line_1_76' title="bbox 364 4417 1937 4491; baseline 0.004 -19"><span class='ocrx_word' id='word_1_629' title='bbox 364 4417 471 4473; x_wconf 86' lang='lat' dir='ltr'><strong>bus</strong></span> <span class='ocrx_word' id='word_1_630' title='bbox 518 4421 793 4489; x_wconf 89' lang='lat' dir='ltr'><strong>pleniludo</strong></span> <span class='ocrx_word' id='word_1_631' title='bbox 839 4423 953 4491; x_wconf 90' lang='lat' dir='ltr'><strong>ejus</strong></span> <span class='ocrx_word' id='word_1_632' title='bbox 1000 4423 1266 4489; x_wconf 83' lang='lat' dir='ltr'><strong>abundat,</strong></span> <span class='ocrx_word' id='word_1_633' title='bbox 1311 4430 1367 4478; x_wconf 89' lang='lat' dir='ltr'><strong>et</strong></span> <span class='ocrx_word' id='word_1_634' title='bbox 1403 4438 1510 4477; x_wconf 91' lang='lat' dir='ltr'><strong>non</strong></span> <span class='ocrx_word' id='word_1_635' title='bbox 1541 4422 1813 4488; x_wconf 87' lang='lat' dir='ltr'><strong>dividitur,</strong></span> <span class='ocrx_word' id='word_1_636' title='bbox 1844 4424 1937 4478; x_wconf 86' lang='lat' dir='ltr'><strong>sed</strong></span> 
     </span>
    </p>
   </div>
   <div class='ocr_carea' id='block_1_77' title="bbox 2039 3236 3605 3308">
    <p class='ocr_par' dir='ltr' id='par_1_77' title="bbox 2039 3236 3605 3308">
     <span class='ocr_line' id='line_1_77' title="bbox 2039 3236 3605 3308; baseline 0.005 -17"><span class='ocrx_word' id='word_1_637' title='bbox 2039 3236 2116 3291; x_wconf 90' lang='lat' dir='ltr'><strong>De</strong></span> <span class='ocrx_word' id='word_1_638' title='bbox 2150 3237 2262 3291; x_wconf 91' lang='lat' dir='ltr'><strong>istis</strong></span> <span class='ocrx_word' id='word_1_639' title='bbox 2298 3237 2553 3305; x_wconf 90' lang='lat' dir='ltr'><strong>scriptum</strong></span> <span class='ocrx_word' id='word_1_640' title='bbox 2581 3247 2662 3291; x_wconf 86' lang='lat' dir='ltr'><strong>est</strong></span> <span class='ocrx_word' id='word_1_641' title='bbox 2694 3256 2705 3289; x_wconf 89' lang='lat'><strong>:</strong></span> <span class='ocrx_word' id='word_1_642' title='bbox 2738 3239 2950 3302; x_wconf 83' lang='lat' dir='ltr'><strong>Petrus,</strong></span> <span class='ocrx_word' id='word_1_643' title='bbox 2996 3239 3244 3308; x_wconf 75' lang='lat' dir='ltr'><strong>Iacobus,</strong></span> <span class='ocrx_word' id='word_1_644' title='bbox 3273 3251 3320 3295; x_wconf 88' lang='lat' dir='ltr'><strong>et</strong></span> <span class='ocrx_word' id='word_1_645' title='bbox 3358 3242 3605 3308; x_wconf 86' lang='lat' dir='ltr'><strong>Joannes,</strong></span> 
     </span>
    </p>
   </div>
   <div class='ocr_carea' id='block_1_78' title="bbox 2036 3328 3605 3400">
    <p class='ocr_par' dir='ltr' id='par_1_78' title="bbox 2036 3328 3605 3400">
     <span class='ocr_line' id='line_1_78' title="bbox 2036 3328 3605 3400; baseline 0.007 -19"><span class='ocrx_word' id='word_1_646' title='bbox 2036 3330 2123 3400; x_wconf 84' lang='lat' dir='ltr'><strong>qui</strong></span> <span class='ocrx_word' id='word_1_647' title='bbox 2158 3330 2410 3383; x_wconf 80' lang='lat' dir='ltr'><strong>columna:</strong></span> <span class='ocrx_word' id='word_1_648' title='bbox 2436 3346 2549 3383; x_wconf 86' lang='lat' dir='ltr'><strong>esse</strong></span> <span class='ocrx_word' id='word_1_649' title='bbox 2575 3328 2873 3384; x_wconf 77' lang='lat' dir='ltr'><strong>videbantur</strong></span> <span class='ocrx_word' id='word_1_650' title='bbox 2913 3330 3111 3400; x_wconf 78' lang='lat' dir='ltr'><strong>(Colat.</strong></span> <span class='ocrx_word' id='word_1_651' title='bbox 3160 3332 3247 3400; x_wconf 87' lang='lat' dir='ltr'><strong>u);</strong></span> <span class='ocrx_word' id='word_1_652' title='bbox 3278 3336 3472 3390; x_wconf 82' lang='lat' dir='ltr'><strong>merito</strong></span> <span class='ocrx_word' id='word_1_653' title='bbox 3515 3352 3605 3391; x_wconf 88' lang='lat' dir='ltr'><strong>co-</strong></span> 
     </span>
    </p>
   </div>
   <div class='ocr_carea' id='block_1_79' title="bbox 2038 3421 3608 3493">
    <p class='ocr_par' dir='ltr' id='par_1_79' title="bbox 2038 3421 3608 3493">
     <span class='ocr_line' id='line_1_79' title="bbox 2038 3421 3608 3493; baseline 0.004 -18"><span class='ocrx_word' id='word_1_654' title='bbox 2038 3422 2233 3476; x_wconf 73' lang='lat' dir='ltr'><strong>lumna:</strong></span> <span class='ocrx_word' id='word_1_655' title='bbox 2259 3422 2406 3487; x_wconf 89' lang='lat' dir='ltr'><strong>dicti,</strong></span> <span class='ocrx_word' id='word_1_656' title='bbox 2437 3422 2528 3492; x_wconf 89' lang='lat' dir='ltr'><strong>qui</strong></span> <span class='ocrx_word' id='word_1_657' title='bbox 2556 3422 2927 3476; x_wconf 88' lang='lat' dir='ltr'><strong>sustentabant</strong></span> <span class='ocrx_word' id='word_1_658' title='bbox 2956 3421 3205 3479; x_wconf 68' lang='lat' dir='ltr'><strong>Ecclesia:</strong></span> <span class='ocrx_word' id='word_1_659' title='bbox 3231 3425 3532 3493; x_wconf 68' lang='lat' dir='ltr'><strong>aedilicium,</strong></span> <span class='ocrx_word' id='word_1_660' title='bbox 3555 3434 3608 3481; x_wconf 89' lang='lat' dir='ltr'><strong>et</strong></span> 
     </span>
    </p>
   </div>
   <div class='ocr_carea' id='block_1_80' title="bbox 2039 3510 3621 3585">
    <p class='ocr_par' dir='ltr' id='par_1_80' title="bbox 2039 3510 3621 3585">
     <span class='ocr_line' id='line_1_80' title="bbox 2039 3510 3621 3585; baseline -0.001 -18"><span class='ocrx_word' id='word_1_661' title='bbox 2039 3514 2315 3582; x_wconf 83' lang='lat' dir='ltr'><strong>erigebant</strong></span> <span class='ocrx_word' id='word_1_662' title='bbox 2359 3513 2426 3567; x_wconf 84' lang='lat' dir='ltr'><strong>de</strong></span> <span class='ocrx_word' id='word_1_663' title='bbox 2480 3512 2819 3567; x_wconf 85' lang='lat' dir='ltr'><strong>inferioribus</strong></span> <span class='ocrx_word' id='word_1_664' title='bbox 2867 3512 2932 3565; x_wconf 87' lang='lat' dir='ltr'><strong>ad</strong></span> <span class='ocrx_word' id='word_1_665' title='bbox 2976 3514 3336 3582; x_wconf 87' lang='lat' dir='ltr'><strong>superiorem,</strong></span> <span class='ocrx_word' id='word_1_666' title='bbox 3384 3522 3441 3571; x_wconf 93' lang='lat' dir='ltr'><strong>ut</strong></span> <span class='ocrx_word' id='word_1_667' title='bbox 3490 3510 3621 3585; x_wconf 64' lang='lat' dir='ltr'><strong>quai&#39;</strong></span> 
     </span>
    </p>
   </div>
   <div class='ocr_carea' id='block_1_81' title="bbox 2039 3601 3603 3671">
    <p class='ocr_par' dir='ltr' id='par_1_81' title="bbox 2039 3601 3603 3671">
     <span class='ocr_line' id='line_1_81' title="bbox 2039 3601 3603 3671; baseline 0.001 -12"><span class='ocrx_word' id='word_1_668' title='bbox 2039 3620 2247 3659; x_wconf 88' lang='lat' dir='ltr'><strong>sursum</strong></span> <span class='ocrx_word' id='word_1_669' title='bbox 2290 3611 2415 3658; x_wconf 90' lang='lat' dir='ltr'><strong>sunt</strong></span> <span class='ocrx_word' id='word_1_670' title='bbox 2442 3609 2764 3671; x_wconf 66' lang='lat' dir='ltr'><strong>quaererent,</strong></span> <span class='ocrx_word' id='word_1_671' title='bbox 2798 3603 2885 3657; x_wconf 89' lang='lat' dir='ltr'><strong>ubi</strong></span> <span class='ocrx_word' id='word_1_672' title='bbox 2923 3601 3166 3658; x_wconf 90' lang='lat' dir='ltr'><strong>Christus</strong></span> <span class='ocrx_word' id='word_1_673' title='bbox 3193 3612 3276 3658; x_wconf 80' lang='lat' dir='ltr'><strong>est</strong></span> <span class='ocrx_word' id='word_1_674' title='bbox 3306 3606 3356 3658; x_wconf 91' lang='lat' dir='ltr'><strong>in</strong></span> <span class='ocrx_word' id='word_1_675' title='bbox 3387 3605 3603 3660; x_wconf 83' lang='lat' dir='ltr'><strong>dextera</strong></span> 
     </span>
    </p>
   </div>
   <div class='ocr_carea' id='block_1_82' title="bbox 2040 3696 3601 3770">
    <p class='ocr_par' dir='ltr' id='par_1_82' title="bbox 2040 3696 3601 3770">
     <span class='ocr_line' id='line_1_82' title="bbox 2040 3696 3601 3770; baseline 0.001 -17"><span class='ocrx_word' id='word_1_676' title='bbox 2040 3699 2133 3753; x_wconf 92' lang='lat' dir='ltr'><strong>Dei</strong></span> <span class='ocrx_word' id='word_1_677' title='bbox 2164 3698 2373 3752; x_wconf 87' lang='lat' dir='ltr'><strong>sedens.</strong></span> <span class='ocrx_word' id='word_1_678' title='bbox 2406 3697 2546 3766; x_wconf 86' lang='lat' dir='ltr'><strong>Ergo</strong></span> <span class='ocrx_word' id='word_1_679' title='bbox 2570 3698 2695 3761; x_wconf 92' lang='lat' dir='ltr'><strong>duo,</strong></span> <span class='ocrx_word' id='word_1_680' title='bbox 2728 3696 2937 3767; x_wconf 80' lang='lat' dir='ltr'><strong>Moyses</strong></span> <span class='ocrx_word' id='word_1_681' title='bbox 2976 3706 3030 3751; x_wconf 89' lang='lat' dir='ltr'><strong>et</strong></span> <span class='ocrx_word' id='word_1_682' title='bbox 3056 3697 3223 3760; x_wconf 85' lang='lat' dir='ltr'><strong>Elias,</strong></span> <span class='ocrx_word' id='word_1_683' title='bbox 3254 3705 3307 3752; x_wconf 82' lang='lat' dir='ltr'><strong>et</strong></span> <span class='ocrx_word' id='word_1_684' title='bbox 3334 3707 3441 3754; x_wconf 89' lang='lat' dir='ltr'><strong>tres</strong></span> <span class='ocrx_word' id='word_1_685' title='bbox 3477 3714 3601 3770; x_wconf 86' lang='lat' dir='ltr'><strong>apo-</strong></span> 
     </span>
    </p>
   </div>
   <div class='ocr_carea' id='block_1_83' title="bbox 2038 3789 3607 3855">
    <p class='ocr_par' dir='ltr' id='par_1_83' title="bbox 2038 3789 3607 3855">
     <span class='ocr_line' id='line_1_83' title="bbox 2038 3789 3607 3855; baseline 0.001 -11"><span class='ocrx_word' id='word_1_686' title='bbox 2038 3791 2180 3855; x_wconf 89' lang='lat' dir='ltr'><strong>stoli,</strong></span> <span class='ocrx_word' id='word_1_687' title='bbox 2205 3789 2325 3844; x_wconf 90' lang='lat' dir='ltr'><strong>ideo</strong></span> <span class='ocrx_word' id='word_1_688' title='bbox 2353 3797 2411 3843; x_wconf 90' lang='lat' dir='ltr'><strong>ut</strong></span> <span class='ocrx_word' id='word_1_689' title='bbox 2433 3789 2484 3843; x_wconf 93' lang='lat' dir='ltr'><strong>in</strong></span> <span class='ocrx_word' id='word_1_690' title='bbox 2513 3790 2740 3843; x_wconf 85' lang='lat' dir='ltr'><strong>duorum</strong></span> <span class='ocrx_word' id='word_1_691' title='bbox 2767 3798 2820 3843; x_wconf 88' lang='lat' dir='ltr'><strong>et</strong></span> <span class='ocrx_word' id='word_1_692' title='bbox 2848 3790 3006 3843; x_wconf 89' lang='lat' dir='ltr'><strong>trium</strong></span> <span class='ocrx_word' id='word_1_693' title='bbox 3032 3790 3242 3843; x_wconf 91' lang='lat' dir='ltr'><strong>testium</strong></span> <span class='ocrx_word' id='word_1_694' title='bbox 3268 3799 3607 3846; x_wconf 85' lang='lat' dir='ltr'><strong>starctomne</strong></span> 
     </span>
    </p>
   </div>
   <div class='ocr_carea' id='block_1_84' title="bbox 2039 3878 3609 3951">
    <p class='ocr_par' dir='ltr' id='par_1_84' title="bbox 2039 3878 3609 3951">
     <span class='ocr_line' id='line_1_84' title="bbox 2039 3878 3609 3951; baseline 0.001 -18"><span class='ocrx_word' id='word_1_695' title='bbox 2039 3880 2278 3935; x_wconf 82' lang='lat' dir='ltr'><strong>verbum.</strong></span> <span class='ocrx_word' id='word_1_696' title='bbox 2304 3878 2371 3933; x_wconf 83' lang='lat' dir='ltr'><strong>Et</strong></span> <span class='ocrx_word' id='word_1_697' title='bbox 2390 3881 2502 3950; x_wconf 88' lang='lat' dir='ltr'><strong>ipse</strong></span> <span class='ocrx_word' id='word_1_698' title='bbox 2526 3879 2781 3934; x_wconf 90' lang='lat' dir='ltr'><strong>Dominus</strong></span> <span class='ocrx_word' id='word_1_699' title='bbox 2800 3879 3011 3935; x_wconf 88' lang='lat' dir='ltr'><strong>dicebat</strong></span> <span class='ocrx_word' id='word_1_700' title='bbox 3037 3897 3047 3932; x_wconf 93' lang='lat'><strong>:</strong></span> <span class='ocrx_word' id='word_1_701' title='bbox 3077 3879 3173 3934; x_wconf 81' lang='lat' dir='ltr'><strong>Ubi</strong></span> <span class='ocrx_word' id='word_1_702' title='bbox 3200 3882 3389 3951; x_wconf 86' lang='lat' dir='ltr'><strong>fuerint</strong></span> <span class='ocrx_word' id='word_1_703' title='bbox 3406 3884 3507 3936; x_wconf 84' lang='lat' dir='ltr'><strong>duo</strong></span> <span class='ocrx_word' id='word_1_704' title='bbox 3536 3884 3609 3937; x_wconf 79' lang='lat' dir='ltr'><strong>ret</strong></span> 
     </span>
    </p>
   </div>
   <div class='ocr_carea' id='block_1_85' title="bbox 2040 3971 3611 4043">
    <p class='ocr_par' dir='ltr' id='par_1_85' title="bbox 2040 3971 3611 4043">
     <span class='ocr_line' id='line_1_85' title="bbox 2040 3971 3611 4043; baseline 0.001 -18"><span class='ocrx_word' id='word_1_705' title='bbox 2040 3980 2143 4026; x_wconf 87' lang='lat' dir='ltr'><strong>tres</strong></span> <span class='ocrx_word' id='word_1_706' title='bbox 2158 3973 2452 4043; x_wconf 87' lang='lat' dir='ltr'><strong>congregati</strong></span> <span class='ocrx_word' id='word_1_707' title='bbox 2471 3973 2521 4025; x_wconf 88' lang='lat' dir='ltr'><strong>in</strong></span> <span class='ocrx_word' id='word_1_708' title='bbox 2546 3972 2748 4025; x_wconf 86' lang='lat' dir='ltr'><strong>nomine</strong></span> <span class='ocrx_word' id='word_1_709' title='bbox 2776 3987 2906 4035; x_wconf 91' lang='lat' dir='ltr'><strong>meo,</strong></span> <span class='ocrx_word' id='word_1_710' title='bbox 2934 3971 3002 4024; x_wconf 87' lang='lat' dir='ltr'><strong>ibi</strong></span> <span class='ocrx_word' id='word_1_711' title='bbox 3027 3987 3139 4024; x_wconf 86' lang='lat' dir='ltr'><strong>sum</strong></span> <span class='ocrx_word' id='word_1_712' title='bbox 3165 3972 3218 4025; x_wconf 87' lang='lat' dir='ltr'><strong>in</strong></span> <span class='ocrx_word' id='word_1_713' title='bbox 3246 3973 3411 4027; x_wconf 81' lang='lat' dir='ltr'><strong>medio</strong></span> <span class='ocrx_word' id='word_1_714' title='bbox 3440 3990 3611 4027; x_wconf 88' lang='lat' dir='ltr'><strong>eorum</strong></span> 
     </span>
    </p>
   </div>
   <div class='ocr_carea' id='block_1_86' title="bbox 2043 4060 3613 4135">
    <p class='ocr_par' dir='ltr' id='par_1_86' title="bbox 2043 4060 3613 4135">
     <span class='ocr_line' id='line_1_86' title="bbox 2043 4060 3613 4135; baseline 0 -18"><span class='ocrx_word' id='word_1_715' title='bbox 2043 4064 2256 4135; x_wconf 75' lang='lat' dir='ltr'><strong>(Matth.</strong></span> <span class='ocrx_word' id='word_1_716' title='bbox 2285 4064 2452 4129; x_wconf 71' lang='lat' dir='ltr'><strong>xvm}.</strong></span> <span class='ocrx_word' id='word_1_717' title='bbox 2484 4061 2727 4116; x_wconf 84' lang='lat' dir='ltr'><strong>Ostendit</strong></span> <span class='ocrx_word' id='word_1_718' title='bbox 2749 4070 2803 4115; x_wconf 89' lang='lat' dir='ltr'><strong>et</strong></span> <span class='ocrx_word' id='word_1_719' title='bbox 2823 4062 2905 4115; x_wconf 90' lang='lat' dir='ltr'><strong>hic</strong></span> <span class='ocrx_word' id='word_1_720' title='bbox 2929 4060 3183 4115; x_wconf 87' lang='lat' dir='ltr'><strong>Dominus</strong></span> <span class='ocrx_word' id='word_1_721' title='bbox 3211 4061 3613 4118; x_wconf 79' lang='lat' dir='ltr'><strong>confuntleudos</strong></span> 
     </span>
    </p>
   </div>
   <div class='ocr_carea' id='block_1_87' title="bbox 2043 4151 3611 4222">
    <p class='ocr_par' dir='ltr' id='par_1_87' title="bbox 2043 4151 3611 4222">
     <span class='ocr_line' id='line_1_87' title="bbox 2043 4151 3611 4222; baseline 0 -14"><span class='ocrx_word' id='word_1_722' title='bbox 2043 4155 2203 4209; x_wconf 86' lang='lat' dir='ltr'><strong>etiam</strong></span> <span class='ocrx_word' id='word_1_723' title='bbox 2258 4168 2353 4207; x_wconf 87' lang='lat' dir='ltr'><strong>eos</strong></span> <span class='ocrx_word' id='word_1_724' title='bbox 2399 4152 2488 4219; x_wconf 91' lang='lat' dir='ltr'><strong>qui</strong></span> <span class='ocrx_word' id='word_1_725' title='bbox 2521 4166 2625 4204; x_wconf 85' lang='lat' dir='ltr'><strong>non</strong></span> <span class='ocrx_word' id='word_1_726' title='bbox 2672 4151 2939 4218; x_wconf 87' lang='lat' dir='ltr'><strong>accipiunt</strong></span> <span class='ocrx_word' id='word_1_727' title='bbox 2991 4151 3162 4217; x_wconf 85' lang='lat' dir='ltr'><strong>legem</strong></span> <span class='ocrx_word' id='word_1_728' title='bbox 3188 4159 3244 4205; x_wconf 89' lang='lat' dir='ltr'><strong>et</strong></span> <span class='ocrx_word' id='word_1_729' title='bbox 3291 4154 3611 4222; x_wconf 85' lang='lat' dir='ltr'><strong>prophetas;</strong></span> 
     </span>
    </p>
   </div>
   <div class='ocr_carea' id='block_1_88' title="bbox 2041 4239 3613 4316">
    <p class='ocr_par' dir='ltr' id='par_1_88' title="bbox 2041 4239 3613 4316">
     <span class='ocr_line' id='line_1_88' title="bbox 2041 4239 3613 4316; baseline -0.002 -17"><span class='ocrx_word' id='word_1_730' title='bbox 2041 4246 2166 4316; x_wconf 86' lang='lat' dir='ltr'><strong>quia</strong></span> <span class='ocrx_word' id='word_1_731' title='bbox 2190 4245 2302 4313; x_wconf 89' lang='lat' dir='ltr'><strong>ipse</strong></span> <span class='ocrx_word' id='word_1_732' title='bbox 2329 4258 2423 4298; x_wconf 89' lang='lat' dir='ltr'><strong>eos</strong></span> <span class='ocrx_word' id='word_1_733' title='bbox 2448 4240 2547 4296; x_wconf 85' lang='lat' dir='ltr'><strong>sibi</strong></span> <span class='ocrx_word' id='word_1_734' title='bbox 2584 4240 2847 4307; x_wconf 81' lang='lat' dir='ltr'><strong>adjunxit,</strong></span> <span class='ocrx_word' id='word_1_735' title='bbox 2878 4246 2934 4292; x_wconf 92' lang='lat' dir='ltr'><strong>et</strong></span> <span class='ocrx_word' id='word_1_736' title='bbox 2976 4239 3342 4306; x_wconf 88' lang='lat' dir='ltr'><strong>apostolorum</strong></span> <span class='ocrx_word' id='word_1_737' title='bbox 3389 4258 3613 4296; x_wconf 90' lang='lat' dir='ltr'><strong>numero</strong></span> 
     </span>
    </p>
   </div>
   <div class='ocr_carea' id='block_1_89' title="bbox 2042 4327 3614 4404">
    <p class='ocr_par' dir='ltr' id='par_1_89' title="bbox 2042 4327 3614 4404">
     <span class='ocr_line' id='line_1_89' title="bbox 2042 4327 3614 4404; baseline -0.003 -14"><span class='ocrx_word' id='word_1_738' title='bbox 2042 4336 2285 4391; x_wconf 90' lang='lat' dir='ltr'><strong>sociavit.</strong></span> <span class='ocrx_word' id='word_1_739' title='bbox 2312 4333 2521 4404; x_wconf 80' lang='lat' dir='ltr'><strong>Moyses</strong></span> <span class='ocrx_word' id='word_1_740' title='bbox 2550 4330 2615 4384; x_wconf 88' lang='lat' dir='ltr'><strong>de</strong></span> <span class='ocrx_word' id='word_1_741' title='bbox 2655 4328 2882 4383; x_wconf 89' lang='lat' dir='ltr'><strong>Domino</strong></span> <span class='ocrx_word' id='word_1_742' title='bbox 2910 4328 3121 4397; x_wconf 91' lang='lat' dir='ltr'><strong>scripsit</strong></span> <span class='ocrx_word' id='word_1_743' title='bbox 3152 4327 3345 4398; x_wconf 74' lang='lat' dir='ltr'><strong>(Exod.</strong></span> <span class='ocrx_word' id='word_1_744' title='bbox 3379 4332 3527 4400; x_wconf 82' lang='lat' dir='ltr'><strong>xvu),</strong></span> <span class='ocrx_word' id='word_1_745' title='bbox 3558 4343 3614 4386; x_wconf 80' lang='lat' dir='ltr'><strong>et</strong></span> 
     </span>
    </p>
   </div>
   <div class='ocr_carea' id='block_1_90' title="bbox 2044 4416 3614 4497">
    <p class='ocr_par' dir='ltr' id='par_1_90' title="bbox 2044 4416 3614 4497">
     <span class='ocr_line' id='line_1_90' title="bbox 2044 4416 3614 4497; baseline -0.005 -17"><span class='ocrx_word' id='word_1_746' title='bbox 2044 4426 2097 4480; x_wconf 93' lang='lat' dir='ltr'><strong>in</strong></span> <span class='ocrx_word' id='word_1_747' title='bbox 2126 4435 2254 4497; x_wconf 86' lang='lat' dir='ltr'><strong>typo</strong></span> <span class='ocrx_word' id='word_1_748' title='bbox 2275 4422 2487 4487; x_wconf 89' lang='lat' dir='ltr'><strong>Christi,</strong></span> <span class='ocrx_word' id='word_1_749' title='bbox 2511 4422 2564 4476; x_wconf 89' lang='lat' dir='ltr'><strong>in</strong></span> <span class='ocrx_word' id='word_1_750' title='bbox 2586 4427 2769 4475; x_wconf 90' lang='lat' dir='ltr'><strong>monte</strong></span> <span class='ocrx_word' id='word_1_751' title='bbox 2788 4418 2948 4488; x_wconf 83' lang='lat'><strong>770</strong></span> <span class='ocrx_word' id='word_1_752' title='bbox 2974 4424 3160 4473; x_wconf 87' lang='lat' dir='ltr'><strong>contra</strong></span> <span class='ocrx_word' id='word_1_753' title='bbox 3189 4416 3439 4471; x_wconf 87' lang='lat' dir='ltr'><strong>Amalech</strong></span> <span class='ocrx_word' id='word_1_754' title='bbox 3470 4419 3614 4473; x_wconf 85' lang='lat' dir='ltr'><strong>leva-</strong></span> 
     </span>
    </p>
   </div>
   <div class='ocr_carea' id='block_1_91' title="bbox 367 4508 3613 4581">
    <p class='ocr_par' dir='ltr' id='par_1_91' title="bbox 367 4508 3613 4581">
     <span class='ocr_line' id='line_1_91' title="bbox 367 4508 3613 4581; baseline -0.003 -7"><span class='ocrx_word' id='word_1_755' title='bbox 367 4517 519 4563; x_wconf 74' lang='grc' dir='ltr'><strong>ῑοιιιε</strong></span> <span class='ocrx_word' id='word_1_756' title='bbox 543 4511 593 4563; x_wconf 78' lang='lat' dir='ltr'><strong>in</strong></span> <span class='ocrx_word' id='word_1_757' title='bbox 627 4513 753 4567; x_wconf 67' lang='lat' dir='ltr'><strong>lotis</strong></span> <span class='ocrx_word' id='word_1_758' title='bbox 780 4521 879 4567; x_wconf 67' lang='lat' dir='ltr'><strong>est.</strong></span> <span class='ocrx_word' id='word_1_759' title='bbox 911 4512 1043 4567; x_wconf 81' lang='lat' dir='ltr'><strong>Nam</strong></span> <span class='ocrx_word' id='word_1_760' title='bbox 1067 4521 1124 4567; x_wconf 75' lang='lat' dir='ltr'><strong>et</strong></span> <span class='ocrx_word' id='word_1_761' title='bbox 1151 4528 1328 4568; x_wconf 82' lang='lat' dir='ltr'><strong>Sermo</strong></span> <span class='ocrx_word' id='word_1_762' title='bbox 1353 4522 1537 4567; x_wconf 76' lang='lat' dir='ltr'><strong>noster</strong></span> <span class='ocrx_word' id='word_1_763' title='bbox 1565 4511 1693 4566; x_wconf 84' lang='lat' dir='ltr'><strong>dum</strong></span> <span class='ocrx_word' id='word_1_764' title='bbox 1727 4513 1940 4581; x_wconf 79' lang='lat' dir='ltr'><strong>dicilm‘,</strong></span> <span class='ocrx_word' id='word_1_765' title='bbox 1972 4516 2017 4575; x_wconf 86' lang='grc' dir='ltr'><strong>ῐ)</strong></span> <span class='ocrx_word' id='word_1_766' title='bbox 2048 4518 2123 4571; x_wconf 90' lang='lat' dir='ltr'><strong>vit</strong></span> <span class='ocrx_word' id='word_1_767' title='bbox 2151 4530 2356 4579; x_wconf 87' lang='lat' dir='ltr'><strong>manus,</strong></span> <span class='ocrx_word' id='word_1_768' title='bbox 2395 4514 2533 4567; x_wconf 79' lang='lat' dir='ltr'><strong>sicut</strong></span> <span class='ocrx_word' id='word_1_769' title='bbox 2569 4510 2814 4566; x_wconf 83' lang='lat' dir='ltr'><strong>Christus</strong></span> <span class='ocrx_word' id='word_1_770' title='bbox 2843 4509 2894 4563; x_wconf 90' lang='lat' dir='ltr'><strong>in</strong></span> <span class='ocrx_word' id='word_1_771' title='bbox 2924 4522 3081 4563; x_wconf 89' lang='lat' dir='ltr'><strong>cruce</strong></span> <span class='ocrx_word' id='word_1_772' title='bbox 3110 4508 3176 4562; x_wconf 90' lang='lat' dir='ltr'><strong>ad</strong></span> <span class='ocrx_word' id='word_1_773' title='bbox 3205 4510 3613 4577; x_wconf 82' lang='lat' dir='ltr'><strong>expugnandum</strong></span> 
     </span>
    </p>
   </div>
   <div class='ocr_carea' id='block_1_92' title="bbox 366 4597 1945 4671">
    <p class='ocr_par' dir='ltr' id='par_1_92' title="bbox 366 4597 1945 4671">
     <span class='ocr_line' id='line_1_92' title="bbox 366 4597 1945 4671; baseline 0.005 -20"><span class='ocrx_word' id='word_1_774' title='bbox 366 4597 442 4653; x_wconf 86' lang='lat' dir='ltr'><strong>ab</strong></span> <span class='ocrx_word' id='word_1_775' title='bbox 471 4600 715 4655; x_wconf 88' lang='lat' dir='ltr'><strong>omnibus</strong></span> <span class='ocrx_word' id='word_1_776' title='bbox 740 4602 971 4665; x_wconf 88' lang='lat' dir='ltr'><strong>auditur,</strong></span> <span class='ocrx_word' id='word_1_777' title='bbox 1002 4612 1058 4656; x_wconf 89' lang='lat' dir='ltr'><strong>et</strong></span> <span class='ocrx_word' id='word_1_778' title='bbox 1083 4619 1188 4657; x_wconf 92' lang='lat' dir='ltr'><strong>non</strong></span> <span class='ocrx_word' id='word_1_779' title='bbox 1211 4602 1465 4658; x_wconf 89' lang='lat' dir='ltr'><strong>dividitur</strong></span> <span class='ocrx_word' id='word_1_780' title='bbox 1498 4603 1551 4657; x_wconf 91' lang='lat' dir='ltr'><strong>in</strong></span> <span class='ocrx_word' id='word_1_781' title='bbox 1574 4604 1817 4671; x_wconf 85' lang='lat' dir='ltr'><strong>singulis,</strong></span> <span class='ocrx_word' id='word_1_782' title='bbox 1849 4604 1945 4659; x_wconf 82' lang='lat' dir='ltr'><strong>sed</strong></span> 
     </span>
    </p>
   </div>
   <div class='ocr_carea' id='block_1_93' title="bbox 366 4690 1944 4762">
    <p class='ocr_par' dir='ltr' id='par_1_93' title="bbox 366 4690 1944 4762">
     <span class='ocr_line' id='line_1_93' title="bbox 366 4690 1944 4762; baseline 0.004 -22"><span class='ocrx_word' id='word_1_783' title='bbox 366 4694 518 4742; x_wconf 88' lang='lat' dir='ltr'><strong>totus</strong></span> <span class='ocrx_word' id='word_1_784' title='bbox 543 4690 750 4759; x_wconf 85' lang='lat' dir='ltr'><strong>integer</strong></span> <span class='ocrx_word' id='word_1_785' title='bbox 778 4692 829 4745; x_wconf 91' lang='lat' dir='ltr'><strong>in</strong></span> <span class='ocrx_word' id='word_1_786' title='bbox 869 4692 1116 4747; x_wconf 84' lang='lat' dir='ltr'><strong>omnibus</strong></span> <span class='ocrx_word' id='word_1_787' title='bbox 1161 4702 1273 4757; x_wconf 89' lang='lat' dir='ltr'><strong>est;</strong></span> <span class='ocrx_word' id='word_1_788' title='bbox 1321 4702 1377 4747; x_wconf 89' lang='lat' dir='ltr'><strong>et</strong></span> <span class='ocrx_word' id='word_1_789' title='bbox 1413 4694 1733 4748; x_wconf 82' lang='lat' dir='ltr'><strong>versiculum</strong></span> <span class='ocrx_word' id='word_1_790' title='bbox 1770 4694 1823 4746; x_wconf 92' lang='lat' dir='ltr'><strong>in</strong></span> <span class='ocrx_word' id='word_1_791' title='bbox 1850 4709 1944 4762; x_wconf 90' lang='lat' dir='ltr'><strong>pa-</strong></span> 
     </span>
    </p>
   </div>
   <div class='ocr_carea' id='block_1_94' title="bbox 367 4778 1942 4853">
    <p class='ocr_par' dir='ltr' id='par_1_94' title="bbox 367 4778 1942 4853">
     <span class='ocr_line' id='line_1_94' title="bbox 367 4778 1942 4853; baseline 0.005 -23"><span class='ocrx_word' id='word_1_792' title='bbox 367 4778 509 4833; x_wconf 89' lang='lat' dir='ltr'><strong>riete</strong></span> <span class='ocrx_word' id='word_1_793' title='bbox 538 4782 899 4850; x_wconf 89' lang='lat' dir='ltr'><strong>conscriptum</strong></span> <span class='ocrx_word' id='word_1_794' title='bbox 939 4784 983 4837; x_wconf 89' lang='lat' dir='ltr'><strong>si</strong></span> <span class='ocrx_word' id='word_1_795' title='bbox 1013 4799 1200 4838; x_wconf 91' lang='lat' dir='ltr'><strong>omnes</strong></span> <span class='ocrx_word' id='word_1_796' title='bbox 1225 4785 1494 4853; x_wconf 89' lang='lat' dir='ltr'><strong>legamus,</strong></span> <span class='ocrx_word' id='word_1_797' title='bbox 1528 4800 1631 4839; x_wconf 92' lang='lat' dir='ltr'><strong>non</strong></span> <span class='ocrx_word' id='word_1_798' title='bbox 1655 4800 1777 4839; x_wconf 92' lang='lat' dir='ltr'><strong>eum</strong></span> <span class='ocrx_word' id='word_1_799' title='bbox 1805 4784 1942 4838; x_wconf 85' lang='lat' dir='ltr'><strong>divi-</strong></span> 
     </span>
    </p>
   </div>
   <div class='ocr_carea' id='block_1_95' title="bbox 366 4868 1946 4944">
    <p class='ocr_par' dir='ltr' id='par_1_95' title="bbox 366 4868 1946 4944">
     <span class='ocr_line' id='line_1_95' title="bbox 366 4868 1946 4944; baseline 0.006 -24"><span class='ocrx_word' id='word_1_800' title='bbox 366 4868 549 4923; x_wconf 89' lang='lat' dir='ltr'><strong>dimus</strong></span> <span class='ocrx_word' id='word_1_801' title='bbox 590 4886 686 4940; x_wconf 90' lang='lat' dir='ltr'><strong>per</strong></span> <span class='ocrx_word' id='word_1_802' title='bbox 715 4882 924 4941; x_wconf 77' lang='lat' dir='ltr'><strong>partes,</strong></span> <span class='ocrx_word' id='word_1_803' title='bbox 956 4875 1049 4929; x_wconf 88' lang='lat' dir='ltr'><strong>sed</strong></span> <span class='ocrx_word' id='word_1_804' title='bbox 1081 4884 1223 4930; x_wconf 89' lang='lat' dir='ltr'><strong>totus</strong></span> <span class='ocrx_word' id='word_1_805' title='bbox 1253 4877 1305 4930; x_wconf 92' lang='lat' dir='ltr'><strong>in</strong></span> <span class='ocrx_word' id='word_1_806' title='bbox 1337 4876 1748 4944; x_wconf 90' lang='lat' dir='ltr'><strong>uniuscujusque</strong></span> <span class='ocrx_word' id='word_1_807' title='bbox 1776 4877 1946 4931; x_wconf 90' lang='lat' dir='ltr'><strong>sensi-</strong></span> 
     </span>
    </p>
   </div>
   <div class='ocr_carea' id='block_1_96' title="bbox 366 4958 1941 5036">
    <p class='ocr_par' dir='ltr' id='par_1_96' title="bbox 366 4958 1941 5036">
     <span class='ocr_line' id='line_1_96' title="bbox 366 4958 1941 5036; baseline 0.006 -25"><span class='ocrx_word' id='word_1_808' title='bbox 366 4958 474 5013; x_wconf 88' lang='lat' dir='ltr'><strong>bus</strong></span> <span class='ocrx_word' id='word_1_809' title='bbox 501 4971 708 5028; x_wconf 86' lang='lat' dir='ltr'><strong>manet;</strong></span> <span class='ocrx_word' id='word_1_810' title='bbox 732 4973 785 5017; x_wconf 91' lang='lat' dir='ltr'><strong>ct</strong></span> <span class='ocrx_word' id='word_1_811' title='bbox 814 4964 952 5027; x_wconf 87' lang='lat' dir='ltr'><strong>ideo,</strong></span> <span class='ocrx_word' id='word_1_812' title='bbox 982 4965 1190 5030; x_wconf 87' lang='lat' dir='ltr'><strong>fratres,</strong></span> <span class='ocrx_word' id='word_1_813' title='bbox 1212 4982 1425 5036; x_wconf 87' lang='lat' dir='ltr'><strong>semper</strong></span> <span class='ocrx_word' id='word_1_814' title='bbox 1449 4967 1617 5021; x_wconf 90' lang='lat' dir='ltr'><strong>sancti</strong></span> <span class='ocrx_word' id='word_1_815' title='bbox 1637 4967 1703 5021; x_wconf 86' lang='lat' dir='ltr'><strong>de</strong></span> <span class='ocrx_word' id='word_1_816' title='bbox 1724 4967 1941 5033; x_wconf 84' lang='lat' dir='ltr'><strong>lumine,</strong></span> 
     </span>
    </p>
   </div>
   <div class='ocr_carea' id='block_1_97' title="bbox 368 5048 1943 5123">
    <p class='ocr_par' dir='ltr' id='par_1_97' title="bbox 368 5048 1943 5123">
     <span class='ocr_line' id='line_1_97' title="bbox 368 5048 1943 5123; baseline 0.005 -22"><span class='ocrx_word' id='word_1_817' title='bbox 368 5048 606 5106; x_wconf 84' lang='lat' dir='ltr'><strong>diximus</strong></span> <span class='ocrx_word' id='word_1_818' title='bbox 631 5095 645 5118; x_wconf 90' lang='lat'><strong>,</strong></span> <span class='ocrx_word' id='word_1_819' title='bbox 694 5052 888 5109; x_wconf 88' lang='lat' dir='ltr'><strong>Christi</strong></span> <span class='ocrx_word' id='word_1_820' title='bbox 919 5055 1180 5123; x_wconf 86' lang='lat' dir='ltr'><strong>fulgentes</strong></span> <span class='ocrx_word' id='word_1_821' title='bbox 1202 5057 1505 5110; x_wconf 89' lang='lat' dir='ltr'><strong>clamabant</strong></span> <span class='ocrx_word' id='word_1_822' title='bbox 1534 5056 1772 5112; x_wconf 88' lang='lat' dir='ltr'><strong>dicentes</strong></span> <span class='ocrx_word' id='word_1_823' title='bbox 1805 5074 1817 5109; x_wconf 90' lang='lat'><strong>:</strong></span> <span class='ocrx_word' id='word_1_824' title='bbox 1863 5058 1943 5109; x_wconf 80' lang='lat' dir='ltr'><strong>Au</strong></span> 
     </span>
    </p>
   </div>
   <div class='ocr_carea' id='block_1_98' title="bbox 367 5144 1944 5220">
    <p class='ocr_par' dir='ltr' id='par_1_98' title="bbox 367 5144 1944 5220">
     <span class='ocr_line' id='line_1_98' title="bbox 367 5144 1944 5220; baseline 0.004 -25"><span class='ocrx_word' id='word_1_825' title='bbox 367 5144 777 5211; x_wconf 64' lang='lat' dir='ltr'><strong>experimentum</strong></span> <span class='ocrx_word' id='word_1_826' title='bbox 799 5149 1025 5217; x_wconf 66' lang='lat' dir='ltr'><strong>quaeritis</strong></span> <span class='ocrx_word' id='word_1_827' title='bbox 1046 5148 1177 5218; x_wconf 88' lang='lat' dir='ltr'><strong>ejus,</strong></span> <span class='ocrx_word' id='word_1_828' title='bbox 1209 5149 1293 5219; x_wconf 88' lang='lat' dir='ltr'><strong>qui</strong></span> <span class='ocrx_word' id='word_1_829' title='bbox 1314 5149 1365 5201; x_wconf 86' lang='lat' dir='ltr'><strong>in</strong></span> <span class='ocrx_word' id='word_1_830' title='bbox 1387 5166 1467 5201; x_wconf 87' lang='lat' dir='ltr'><strong>me</strong></span> <span class='ocrx_word' id='word_1_831' title='bbox 1487 5148 1728 5220; x_wconf 87' lang='lat' dir='ltr'><strong>loquitur,</strong></span> <span class='ocrx_word' id='word_1_832' title='bbox 1754 5146 1944 5201; x_wconf 83' lang='lat' dir='ltr'><strong>Christi</strong></span> 
     </span>
    </p>
   </div>
   <div class='ocr_carea' id='block_1_99' title="bbox 369 5230 1943 5310">
    <p class='ocr_par' dir='ltr' id='par_1_99' title="bbox 369 5230 1943 5310">
     <span class='ocr_line' id='line_1_99' title="bbox 369 5230 1943 5310; baseline 0.006 -25"><span class='ocrx_word' id='word_1_833' title='bbox 369 5230 465 5303; x_wconf 87' lang='lat' dir='ltr'><strong>(II</strong></span> <span class='ocrx_word' id='word_1_834' title='bbox 486 5233 604 5287; x_wconf 85' lang='lat' dir='ltr'><strong>Cor.</strong></span> <span class='ocrx_word' id='word_1_835' title='bbox 630 5238 742 5307; x_wconf 79' lang='lat' dir='ltr'><strong>xui)</strong></span> <span class='ocrx_word' id='word_1_836' title='bbox 770 5242 792 5290; x_wconf 81' lang='lat' dir='ltr'><strong>‘t</strong></span> <span class='ocrx_word' id='word_1_837' title='bbox 832 5237 897 5291; x_wconf 84' lang='lat' dir='ltr'><strong>Et</strong></span> <span class='ocrx_word' id='word_1_838' title='bbox 927 5239 1046 5293; x_wconf 89' lang='lat' dir='ltr'><strong>ideo</strong></span> <span class='ocrx_word' id='word_1_839' title='bbox 1075 5239 1255 5294; x_wconf 89' lang='lat' dir='ltr'><strong>lucent</strong></span> <span class='ocrx_word' id='word_1_840' title='bbox 1294 5242 1540 5295; x_wconf 91' lang='lat' dir='ltr'><strong>omnibus</strong></span> <span class='ocrx_word' id='word_1_841' title='bbox 1576 5241 1667 5310; x_wconf 92' lang='lat' dir='ltr'><strong>qui</strong></span> <span class='ocrx_word' id='word_1_842' title='bbox 1699 5240 1750 5293; x_wconf 89' lang='lat' dir='ltr'><strong>in</strong></span> <span class='ocrx_word' id='word_1_843' title='bbox 1780 5240 1943 5294; x_wconf 90' lang='lat' dir='ltr'><strong>domo</strong></span> 
     </span>
    </p>
   </div>
   <div class='ocr_carea' id='block_1_100' title="bbox 364 5327 1940 5400">
    <p class='ocr_par' dir='ltr' id='par_1_100' title="bbox 364 5327 1940 5400">
     <span class='ocr_line' id='line_1_100' title="bbox 364 5327 1940 5400; baseline 0.005 -24"><span class='ocrx_word' id='word_1_844' title='bbox 364 5333 500 5377; x_wconf 89' lang='lat' dir='ltr'><strong>sunt</strong></span> <span class='ocrx_word' id='word_1_845' title='bbox 523 5368 539 5391; x_wconf 90' lang='lat'><strong>,</strong></span> <span class='ocrx_word' id='word_1_846' title='bbox 588 5327 692 5383; x_wconf 92' lang='lat' dir='ltr'><strong>hoc</strong></span> <span class='ocrx_word' id='word_1_847' title='bbox 728 5337 811 5384; x_wconf 89' lang='lat' dir='ltr'><strong>est</strong></span> <span class='ocrx_word' id='word_1_848' title='bbox 848 5330 901 5383; x_wconf 92' lang='lat' dir='ltr'><strong>in</strong></span> <span class='ocrx_word' id='word_1_849' title='bbox 928 5330 1083 5398; x_wconf 88' lang='lat' dir='ltr'><strong>hujus</strong></span> <span class='ocrx_word' id='word_1_850' title='bbox 1110 5332 1289 5385; x_wconf 91' lang='lat' dir='ltr'><strong>mundi</strong></span> <span class='ocrx_word' id='word_1_851' title='bbox 1319 5332 1515 5397; x_wconf 88' lang='lat' dir='ltr'><strong>domo;</strong></span> <span class='ocrx_word' id='word_1_852' title='bbox 1548 5332 1671 5400; x_wconf 89' lang='lat' dir='ltr'><strong>quia</strong></span> <span class='ocrx_word' id='word_1_853' title='bbox 1698 5332 1751 5385; x_wconf 89' lang='lat' dir='ltr'><strong>in</strong></span> <span class='ocrx_word' id='word_1_854' title='bbox 1780 5331 1940 5385; x_wconf 90' lang='lat' dir='ltr'><strong>domo</strong></span> 
     </span>
    </p>
   </div>
   <div class='ocr_carea' id='block_1_101' title="bbox 366 5423 1944 5495">
    <p class='ocr_par' dir='ltr' id='par_1_101' title="bbox 366 5423 1944 5495">
     <span class='ocr_line' id='line_1_101' title="bbox 366 5423 1944 5495; baseline 0.004 -22"><span class='ocrx_word' id='word_1_855' title='bbox 366 5433 602 5487; x_wconf 80' lang='lat' dir='ltr'><strong>magna,</strong></span> <span class='ocrx_word' id='word_1_856' title='bbox 652 5423 788 5476; x_wconf 90' lang='lat' dir='ltr'><strong>sicut</strong></span> <span class='ocrx_word' id='word_1_857' title='bbox 836 5425 1087 5493; x_wconf 88' lang='lat' dir='ltr'><strong>scriptmn</strong></span> <span class='ocrx_word' id='word_1_858' title='bbox 1127 5433 1210 5478; x_wconf 88' lang='lat' dir='ltr'><strong>cst</strong></span> <span class='ocrx_word' id='word_1_859' title='bbox 1258 5424 1344 5495; x_wconf 89' lang='lat' dir='ltr'><strong>(II</strong></span> <span class='ocrx_word' id='word_1_860' title='bbox 1376 5425 1508 5479; x_wconf 90' lang='lat' dir='ltr'><strong>Tim.</strong></span> <span class='ocrx_word' id='word_1_861' title='bbox 1533 5426 1612 5493; x_wconf 84' lang='grc' dir='ltr'><strong>ιι),</strong></span> <span class='ocrx_word' id='word_1_862' title='bbox 1666 5441 1773 5479; x_wconf 92' lang='lat' dir='ltr'><strong>non</strong></span> <span class='ocrx_word' id='word_1_863' title='bbox 1820 5434 1944 5480; x_wconf 89' lang='lat' dir='ltr'><strong>sunt</strong></span> 
     </span>
    </p>
   </div>
   <div class='ocr_carea' id='block_1_102' title="bbox 367 5514 1944 5582">
    <p class='ocr_par' dir='ltr' id='par_1_102' title="bbox 367 5514 1944 5582">
     <span class='ocr_line' id='line_1_102' title="bbox 367 5514 1944 5582; baseline 0.004 -19"><span class='ocrx_word' id='word_1_864' title='bbox 367 5526 499 5566; x_wconf 86' lang='lat' dir='ltr'><strong>vasa</strong></span> <span class='ocrx_word' id='word_1_865' title='bbox 528 5528 689 5568; x_wconf 90' lang='lat' dir='ltr'><strong>aurea</strong></span> <span class='ocrx_word' id='word_1_866' title='bbox 727 5522 932 5569; x_wconf 92' lang='lat' dir='ltr'><strong>tantum</strong></span> <span class='ocrx_word' id='word_1_867' title='bbox 962 5524 1053 5569; x_wconf 88' lang='lat' dir='ltr'><strong>aut</strong></span> <span class='ocrx_word' id='word_1_868' title='bbox 1080 5524 1363 5582; x_wconf 86' lang='lat' dir='ltr'><strong>argentea,</strong></span> <span class='ocrx_word' id='word_1_869' title='bbox 1394 5515 1485 5570; x_wconf 90' lang='lat' dir='ltr'><strong>sed</strong></span> <span class='ocrx_word' id='word_1_870' title='bbox 1515 5516 1688 5582; x_wconf 77' lang='lat' dir='ltr'><strong>lignea</strong></span> <span class='ocrx_word' id='word_1_871' title='bbox 1718 5524 1774 5569; x_wconf 92' lang='lat' dir='ltr'><strong>et</strong></span> <span class='ocrx_word' id='word_1_872' title='bbox 1804 5514 1944 5571; x_wconf 80' lang='lat' dir='ltr'><strong>ficti-</strong></span> 
     </span>
    </p>
   </div>
   <div class='ocr_carea' id='block_1_103' title="bbox 366 5601 1949 5675">
    <p class='ocr_par' dir='ltr' id='par_1_103' title="bbox 366 5601 1949 5675">
     <span class='ocr_line' id='line_1_103' title="bbox 366 5601 1949 5675; baseline 0.004 -20"><span class='ocrx_word' id='word_1_873' title='bbox 366 5601 464 5655; x_wconf 86' lang='lat' dir='ltr'><strong>lia.</strong></span> <span class='ocrx_word' id='word_1_874' title='bbox 498 5605 656 5675; x_wconf 78' lang='lat'><strong>769</strong></span> <span class='ocrx_word' id='word_1_875' title='bbox 698 5604 839 5673; x_wconf 82' lang='lat' dir='ltr'><strong>Ergo</strong></span> <span class='ocrx_word' id='word_1_876' title='bbox 883 5605 948 5659; x_wconf 90' lang='lat' dir='ltr'><strong>ad</strong></span> <span class='ocrx_word' id='word_1_877' title='bbox 994 5606 1436 5659; x_wconf 86' lang='lat' dir='ltr'><strong>illuminationem</strong></span> <span class='ocrx_word' id='word_1_878' title='bbox 1471 5604 1747 5660; x_wconf 91' lang='lat' dir='ltr'><strong>hominum</strong></span> <span class='ocrx_word' id='word_1_879' title='bbox 1785 5606 1949 5661; x_wconf 87' lang='lat' dir='ltr'><strong>desti-</strong></span> 
     </span>
    </p>
   </div>
   <div class='ocr_carea' id='block_1_104' title="bbox 369 5696 1948 5785">
    <p class='ocr_par' dir='ltr' id='par_1_104' title="bbox 369 5696 1948 5785">
     <span class='ocr_line' id='line_1_104' title="bbox 369 5696 1948 5785; baseline 0.003 -38"><span class='ocrx_word' id='word_1_880' title='bbox 369 5702 571 5751; x_wconf 88' lang='lat' dir='ltr'><strong>nantur</strong></span> <span class='ocrx_word' id='word_1_881' title='bbox 614 5711 800 5754; x_wconf 88' lang='lat' dir='ltr'><strong>omnes</strong></span> <span class='ocrx_word' id='word_1_882' title='bbox 844 5697 1051 5763; x_wconf 88' lang='lat' dir='ltr'><strong>sancti,</strong></span> <span class='ocrx_word' id='word_1_883' title='bbox 1085 5706 1140 5753; x_wconf 88' lang='lat' dir='ltr'><strong>et</strong></span> <span class='ocrx_word' id='word_1_884' title='bbox 1177 5696 1428 5752; x_wconf 87' lang='lat' dir='ltr'><strong>destinati</strong></span> <span class='ocrx_word' id='word_1_885' title='bbox 1455 5703 1579 5752; x_wconf 90' lang='lat' dir='ltr'><strong>sunt</strong></span> <span class='ocrx_word' id='word_1_886' title='bbox 1605 5698 1835 5767; x_wconf 83' lang='lat' dir='ltr'><strong>apostoli</strong></span> <span class='ocrx_word' id='word_1_887' title='bbox 1861 5698 1948 5785; x_wconf 79' lang='lat' dir='ltr'><strong>vel</strong></span> 
     </span>
    </p>
   </div>
   <div class='ocr_carea' id='block_1_105' title="bbox 2046 4599 3612 4672">
    <p class='ocr_par' dir='ltr' id='par_1_105' title="bbox 2046 4599 3612 4672">
     <span class='ocr_line' id='line_1_105' title="bbox 2046 4599 3612 4672; baseline -0.005 -9"><span class='ocrx_word' id='word_1_888' title='bbox 2046 4608 2337 4663; x_wconf 84' lang='lat' dir='ltr'><strong>diabolum.</strong></span> <span class='ocrx_word' id='word_1_889' title='bbox 2378 4605 2572 4659; x_wconf 87' lang='lat' dir='ltr'><strong>Iterum</strong></span> <span class='ocrx_word' id='word_1_890' title='bbox 2601 4603 2744 4658; x_wconf 84' lang='lat' dir='ltr'><strong>Elias</strong></span> <span class='ocrx_word' id='word_1_891' title='bbox 2788 4600 2910 4671; x_wconf 83' lang='lat' dir='ltr'><strong>(III</strong></span> <span class='ocrx_word' id='word_1_892' title='bbox 2942 4599 3068 4672; x_wconf 79' lang='lat' dir='ltr'><strong>Reg.</strong></span> <span class='ocrx_word' id='word_1_893' title='bbox 3110 4601 3236 4668; x_wconf 83' lang='lat' dir='ltr'><strong>xvn)</strong></span> <span class='ocrx_word' id='word_1_894' title='bbox 3270 4609 3327 4653; x_wconf 91' lang='lat' dir='ltr'><strong>ut</strong></span> <span class='ocrx_word' id='word_1_895' title='bbox 3371 4602 3483 4669; x_wconf 85' lang='lat' dir='ltr'><strong>ipse</strong></span> <span class='ocrx_word' id='word_1_896' title='bbox 3523 4616 3612 4656; x_wconf 90' lang='lat' dir='ltr'><strong>su-</strong></span> 
     </span>
    </p>
   </div>
   <div class='ocr_carea' id='block_1_106' title="bbox 2046 4690 3614 4762">
    <p class='ocr_par' dir='ltr' id='par_1_106' title="bbox 2046 4690 3614 4762">
     <span class='ocr_line' id='line_1_106' title="bbox 2046 4690 3614 4762; baseline -0.005 -9"><span class='ocrx_word' id='word_1_897' title='bbox 2046 4700 2266 4755; x_wconf 88' lang='lat' dir='ltr'><strong>scitaret</strong></span> <span class='ocrx_word' id='word_1_898' title='bbox 2295 4704 2563 4750; x_wconf 87' lang='lat' dir='ltr'><strong>mortuum</strong></span> <span class='ocrx_word' id='word_1_899' title='bbox 2583 4710 2701 4750; x_wconf 86' lang='lat' dir='ltr'><strong>sese</strong></span> <span class='ocrx_word' id='word_1_900' title='bbox 2724 4692 2998 4762; x_wconf 82' lang='lat' dir='ltr'><strong>expandit,</strong></span> <span class='ocrx_word' id='word_1_901' title='bbox 3021 4690 3163 4759; x_wconf 92' lang='lat' dir='ltr'><strong>quod</strong></span> <span class='ocrx_word' id='word_1_902' title='bbox 3188 4692 3239 4745; x_wconf 88' lang='lat' dir='ltr'><strong>in</strong></span> <span class='ocrx_word' id='word_1_903' title='bbox 3260 4706 3416 4745; x_wconf 88' lang='lat' dir='ltr'><strong>cruce</strong></span> <span class='ocrx_word' id='word_1_904' title='bbox 3437 4691 3614 4745; x_wconf 84' lang='lat' dir='ltr'><strong>Domi-</strong></span> 
     </span>
    </p>
   </div>
   <div class='ocr_carea' id='block_1_107' title="bbox 2050 4782 3615 4852">
    <p class='ocr_par' dir='ltr' id='par_1_107' title="bbox 2050 4782 3615 4852">
     <span class='ocr_line' id='line_1_107' title="bbox 2050 4782 3615 4852; baseline -0.003 -8"><span class='ocrx_word' id='word_1_905' title='bbox 2050 4806 2149 4844; x_wconf 90' lang='lat' dir='ltr'><strong>nus</strong></span> <span class='ocrx_word' id='word_1_906' title='bbox 2173 4788 2317 4852; x_wconf 91' lang='lat' dir='ltr'><strong>fecit,</strong></span> <span class='ocrx_word' id='word_1_907' title='bbox 2347 4796 2404 4839; x_wconf 94' lang='lat' dir='ltr'><strong>ut</strong></span> <span class='ocrx_word' id='word_1_908' title='bbox 2431 4794 2658 4839; x_wconf 90' lang='lat' dir='ltr'><strong>mortem</strong></span> <span class='ocrx_word' id='word_1_909' title='bbox 2690 4785 2893 4852; x_wconf 83' lang='lat' dir='ltr'><strong>fugaret</strong></span> <span class='ocrx_word' id='word_1_910' title='bbox 2916 4792 2971 4837; x_wconf 95' lang='lat' dir='ltr'><strong>et</strong></span> <span class='ocrx_word' id='word_1_911' title='bbox 2996 4783 3157 4836; x_wconf 83' lang='lat' dir='ltr'><strong>vitam</strong></span> <span class='ocrx_word' id='word_1_912' title='bbox 3197 4782 3500 4837; x_wconf 84' lang='lat' dir='ltr'><strong>redonarel.</strong></span> <span class='ocrx_word' id='word_1_913' title='bbox 3538 4785 3615 4839; x_wconf 78' lang='lat' dir='ltr'><strong>Vi-</strong></span> 
     </span>
    </p>
   </div>
   <div class='ocr_carea' id='block_1_108' title="bbox 2048 4872 3614 4945">
    <p class='ocr_par' dir='ltr' id='par_1_108' title="bbox 2048 4872 3614 4945">
     <span class='ocr_line' id='line_1_108' title="bbox 2048 4872 3614 4945; baseline -0.003 -12"><span class='ocrx_word' id='word_1_914' title='bbox 2048 4880 2267 4934; x_wconf 88' lang='lat' dir='ltr'><strong>deamus</strong></span> <span class='ocrx_word' id='word_1_915' title='bbox 2295 4875 2422 4945; x_wconf 90' lang='lat' dir='ltr'><strong>quid</strong></span> <span class='ocrx_word' id='word_1_916' title='bbox 2466 4882 2738 4941; x_wconf 86' lang='lat' dir='ltr'><strong>sequatur.</strong></span> <span class='ocrx_word' id='word_1_917' title='bbox 2770 4874 2857 4927; x_wconf 85' lang='lat' dir='ltr'><strong>Ait</strong></span> <span class='ocrx_word' id='word_1_918' title='bbox 2885 4882 3101 4929; x_wconf 85' lang='lat' dir='ltr'><strong>sanctus</strong></span> <span class='ocrx_word' id='word_1_919' title='bbox 3126 4872 3314 4926; x_wconf 86' lang='lat' dir='ltr'><strong>Petrus</strong></span> <span class='ocrx_word' id='word_1_920' title='bbox 3341 4872 3568 4929; x_wconf 91' lang='lat' dir='ltr'><strong>Domino</strong></span> <span class='ocrx_word' id='word_1_921' title='bbox 3604 4896 3614 4929; x_wconf 88' lang='lat'><strong>:</strong></span> 
     </span>
    </p>
   </div>
   <div class='ocr_carea' id='block_1_109' title="bbox 2052 4964 3616 5035">
    <p class='ocr_par' dir='ltr' id='par_1_109' title="bbox 2052 4964 3616 5035">
     <span class='ocr_line' id='line_1_109' title="bbox 2052 4964 3616 5035; baseline -0.003 -12"><span class='ocrx_word' id='word_1_922' title='bbox 2052 4970 2252 5023; x_wconf 88' lang='lat' dir='ltr'><strong>Bonum</strong></span> <span class='ocrx_word' id='word_1_923' title='bbox 2298 4976 2372 5021; x_wconf 82' lang='lat' dir='ltr'><strong>est</strong></span> <span class='ocrx_word' id='word_1_924' title='bbox 2403 4967 2483 5019; x_wconf 90' lang='lat' dir='ltr'><strong>hic</strong></span> <span class='ocrx_word' id='word_1_925' title='bbox 2514 4982 2605 5019; x_wconf 90' lang='lat' dir='ltr'><strong>nos</strong></span> <span class='ocrx_word' id='word_1_926' title='bbox 2634 4982 2781 5018; x_wconf 87' lang='lat' dir='ltr'><strong>esse:</strong></span> <span class='ocrx_word' id='word_1_927' title='bbox 2813 4966 3062 5035; x_wconf 85' lang='lat' dir='ltr'><strong>faciamus</strong></span> <span class='ocrx_word' id='word_1_928' title='bbox 3091 4965 3174 5017; x_wconf 83' lang='lat' dir='ltr'><strong>hic</strong></span> <span class='ocrx_word' id='word_1_929' title='bbox 3229 4965 3328 5017; x_wconf 78' lang='lat' dir='ltr'><strong>tria</strong></span> <span class='ocrx_word' id='word_1_930' title='bbox 3376 4964 3616 5020; x_wconf 85' lang='lat' dir='ltr'><strong>taberna-</strong></span> 
     </span>
    </p>
   </div>
   <div class='ocr_carea' id='block_1_110' title="bbox 2050 5057 3618 5131">
    <p class='ocr_par' dir='ltr' id='par_1_110' title="bbox 2050 5057 3618 5131">
     <span class='ocr_line' id='line_1_110' title="bbox 2050 5057 3618 5131; baseline -0.003 -12"><span class='ocrx_word' id='word_1_931' title='bbox 2050 5066 2188 5131; x_wconf 84' lang='lat' dir='ltr'><strong>cula,</strong></span> <span class='ocrx_word' id='word_1_932' title='bbox 2238 5062 2326 5117; x_wconf 87' lang='lat' dir='ltr'><strong>tibi</strong></span> <span class='ocrx_word' id='word_1_933' title='bbox 2370 5077 2549 5128; x_wconf 89' lang='lat' dir='ltr'><strong>unum,</strong></span> <span class='ocrx_word' id='word_1_934' title='bbox 2580 5058 2749 5129; x_wconf 77' lang='lat' dir='ltr'><strong>Moysi</strong></span> <span class='ocrx_word' id='word_1_935' title='bbox 2798 5075 2973 5119; x_wconf 85' lang='lat' dir='ltr'><strong>unum,</strong></span> <span class='ocrx_word' id='word_1_936' title='bbox 3006 5066 3055 5110; x_wconf 92' lang='lat' dir='ltr'><strong>et</strong></span> <span class='ocrx_word' id='word_1_937' title='bbox 3102 5057 3234 5110; x_wconf 70' lang='lat' dir='ltr'><strong>Elite</strong></span> <span class='ocrx_word' id='word_1_938' title='bbox 3287 5073 3463 5111; x_wconf 86' lang='lat' dir='ltr'><strong>unum.</strong></span> <span class='ocrx_word' id='word_1_939' title='bbox 3495 5058 3618 5114; x_wconf 65' lang='lat' dir='ltr'><strong>[lare</strong></span> 
     </span>
    </p>
   </div>
   <div class='ocr_carea' id='block_1_111' title="bbox 2051 5145 3617 5218">
    <p class='ocr_par' dir='ltr' id='par_1_111' title="bbox 2051 5145 3617 5218">
     <span class='ocr_line' id='line_1_111' title="bbox 2051 5145 3617 5218; baseline -0.011 -9"><span class='ocrx_word' id='word_1_940' title='bbox 2051 5155 2241 5210; x_wconf 87' lang='lat' dir='ltr'><strong>Petrus</strong></span> <span class='ocrx_word' id='word_1_941' title='bbox 2260 5152 2551 5208; x_wconf 89' lang='lat' dir='ltr'><strong>secundum</strong></span> <span class='ocrx_word' id='word_1_942' title='bbox 2580 5147 2823 5203; x_wconf 71' lang='lat' dir='ltr'><strong>allectum</strong></span> <span class='ocrx_word' id='word_1_943' title='bbox 2861 5146 2987 5201; x_wconf 91' lang='lat' dir='ltr'><strong>boni</strong></span> <span class='ocrx_word' id='word_1_944' title='bbox 3017 5145 3278 5215; x_wconf 89' lang='lat' dir='ltr'><strong>discipuli,</strong></span> <span class='ocrx_word' id='word_1_945' title='bbox 3311 5148 3400 5217; x_wconf 90' lang='lat' dir='ltr'><strong>qui</strong></span> <span class='ocrx_word' id='word_1_946' title='bbox 3430 5147 3617 5218; x_wconf 75' lang='lat' dir='ltr'><strong>dilige-</strong></span> 
     </span>
    </p>
   </div>
   <div class='ocr_carea' id='block_1_112' title="bbox 2047 5234 3616 5306">
    <p class='ocr_par' dir='ltr' id='par_1_112' title="bbox 2047 5234 3616 5306">
     <span class='ocr_line' id='line_1_112' title="bbox 2047 5234 3616 5306; baseline -0.006 -5"><span class='ocrx_word' id='word_1_947' title='bbox 2047 5248 2142 5302; x_wconf 89' lang='lat' dir='ltr'><strong>bat</strong></span> <span class='ocrx_word' id='word_1_948' title='bbox 2168 5244 2440 5299; x_wconf 87' lang='lat' dir='ltr'><strong>ministros</strong></span> <span class='ocrx_word' id='word_1_949' title='bbox 2486 5247 2542 5295; x_wconf 89' lang='lat' dir='ltr'><strong>et</strong></span> <span class='ocrx_word' id='word_1_950' title='bbox 2578 5238 2775 5292; x_wconf 89' lang='lat' dir='ltr'><strong>amicos</strong></span> <span class='ocrx_word' id='word_1_951' title='bbox 2803 5235 3034 5302; x_wconf 89' lang='lat' dir='ltr'><strong>Domini,</strong></span> <span class='ocrx_word' id='word_1_952' title='bbox 3065 5234 3300 5306; x_wconf 75' lang='lat' dir='ltr'><strong>Moyscm</strong></span> <span class='ocrx_word' id='word_1_953' title='bbox 3330 5248 3384 5291; x_wconf 89' lang='lat' dir='ltr'><strong>et</strong></span> <span class='ocrx_word' id='word_1_954' title='bbox 3425 5236 3616 5293; x_wconf 86' lang='lat' dir='ltr'><strong>Eliam.</strong></span> 
     </span>
    </p>
   </div>
   <div class='ocr_carea' id='block_1_113' title="bbox 2051 5327 3615 5395">
    <p class='ocr_par' dir='ltr' id='par_1_113' title="bbox 2051 5327 3615 5395">
     <span class='ocr_line' id='line_1_113' title="bbox 2051 5327 3615 5395; baseline -0.006 -3"><span class='ocrx_word' id='word_1_955' title='bbox 2051 5338 2116 5391; x_wconf 85' lang='lat' dir='ltr'><strong>Et</strong></span> <span class='ocrx_word' id='word_1_956' title='bbox 2143 5352 2268 5392; x_wconf 88' lang='lat' dir='ltr'><strong>ecce</strong></span> <span class='ocrx_word' id='word_1_957' title='bbox 2297 5334 2439 5390; x_wconf 83' lang='lat' dir='ltr'><strong>venit</strong></span> <span class='ocrx_word' id='word_1_958' title='bbox 2467 5331 2635 5386; x_wconf 85' lang='lat' dir='ltr'><strong>nubes</strong></span> <span class='ocrx_word' id='word_1_959' title='bbox 2662 5327 2986 5384; x_wconf 88' lang='lat' dir='ltr'><strong>obumbrans</strong></span> <span class='ocrx_word' id='word_1_960' title='bbox 3021 5342 3137 5395; x_wconf 87' lang='lat' dir='ltr'><strong>eos,</strong></span> <span class='ocrx_word' id='word_1_961' title='bbox 3163 5338 3220 5381; x_wconf 88' lang='lat' dir='ltr'><strong>et</strong></span> <span class='ocrx_word' id='word_1_962' title='bbox 3249 5344 3348 5382; x_wconf 80' lang='lat' dir='ltr'><strong>vos</strong></span> <span class='ocrx_word' id='word_1_963' title='bbox 3382 5327 3448 5382; x_wconf 88' lang='lat' dir='ltr'><strong>de</strong></span> <span class='ocrx_word' id='word_1_964' title='bbox 3475 5329 3615 5383; x_wconf 91' lang='lat' dir='ltr'><strong>nube</strong></span> 
     </span>
    </p>
   </div>
   <div class='ocr_carea' id='block_1_114' title="bbox 2052 5418 3615 5491">
    <p class='ocr_par' dir='ltr' id='par_1_114' title="bbox 2052 5418 3615 5491">
     <span class='ocr_line' id='line_1_114' title="bbox 2052 5418 3615 5491; baseline -0.01 -6"><span class='ocrx_word' id='word_1_965' title='bbox 2052 5431 2235 5485; x_wconf 90' lang='lat' dir='ltr'><strong>dicens</strong></span> <span class='ocrx_word' id='word_1_966' title='bbox 2268 5445 2279 5480; x_wconf 95' lang='lat'><strong>:</strong></span> <span class='ocrx_word' id='word_1_967' title='bbox 2316 5425 2415 5479; x_wconf 81' lang='lat' dir='ltr'><strong>llic</strong></span> <span class='ocrx_word' id='word_1_968' title='bbox 2444 5431 2517 5477; x_wconf 87' lang='lat' dir='ltr'><strong>est</strong></span> <span class='ocrx_word' id='word_1_969' title='bbox 2546 5421 2714 5475; x_wconf 84' lang='lat' dir='ltr'><strong>Filius</strong></span> <span class='ocrx_word' id='word_1_970' title='bbox 2740 5433 2881 5473; x_wconf 85' lang='lat' dir='ltr'><strong>meus</strong></span> <span class='ocrx_word' id='word_1_971' title='bbox 2909 5418 3151 5485; x_wconf 84' lang='lat' dir='ltr'><strong>dilectus,</strong></span> <span class='ocrx_word' id='word_1_972' title='bbox 3182 5434 3235 5472; x_wconf 80' lang='lat' dir='ltr'><strong>ut</strong></span> <span class='ocrx_word' id='word_1_973' title='bbox 3262 5435 3359 5489; x_wconf 87' lang='lat' dir='ltr'><strong>quo</strong></span> <span class='ocrx_word' id='word_1_974' title='bbox 3399 5424 3615 5491; x_wconf 83' lang='lat' dir='ltr'><strong>compla-</strong></span> 
     </span>
    </p>
   </div>
   <div class='ocr_carea' id='block_1_115' title="bbox 2048 5507 3613 5586">
    <p class='ocr_par' dir='ltr' id='par_1_115' title="bbox 2048 5507 3613 5586">
     <span class='ocr_line' id='line_1_115' title="bbox 2048 5507 3613 5586; baseline -0.007 -14"><span class='ocrx_word' id='word_1_975' title='bbox 2048 5519 2158 5582; x_wconf 86' lang='lat' dir='ltr'><strong>cui;</strong></span> <span class='ocrx_word' id='word_1_976' title='bbox 2189 5523 2347 5586; x_wconf 91' lang='lat' dir='ltr'><strong>prout</strong></span> <span class='ocrx_word' id='word_1_977' title='bbox 2367 5514 2606 5568; x_wconf 89' lang='lat' dir='ltr'><strong>diceret:</strong></span> <span class='ocrx_word' id='word_1_978' title='bbox 2636 5524 2741 5564; x_wconf 93' lang='lat' dir='ltr'><strong>non</strong></span> <span class='ocrx_word' id='word_1_979' title='bbox 2767 5508 2936 5564; x_wconf 89' lang='lat' dir='ltr'><strong>tribus</strong></span> <span class='ocrx_word' id='word_1_980' title='bbox 2954 5509 3078 5565; x_wconf 88' lang='lat' dir='ltr'><strong>velo</strong></span> <span class='ocrx_word' id='word_1_981' title='bbox 3102 5507 3219 5564; x_wconf 86' lang='lat' dir='ltr'><strong>ﬁeri</strong></span> <span class='ocrx_word' id='word_1_982' title='bbox 3246 5508 3613 5570; x_wconf 84' lang='lat' dir='ltr'><strong>tabernacula;</strong></span> 
     </span>
    </p>
   </div>
   <div class='ocr_carea' id='block_1_116' title="bbox 2049 5598 3615 5670">
    <p class='ocr_par' dir='ltr' id='par_1_116' title="bbox 2049 5598 3615 5670">
     <span class='ocr_line' id='line_1_116' title="bbox 2049 5598 3615 5670; baseline -0.008 -6"><span class='ocrx_word' id='word_1_983' title='bbox 2049 5609 2142 5664; x_wconf 87' lang='lat' dir='ltr'><strong>sed</strong></span> <span class='ocrx_word' id='word_1_984' title='bbox 2171 5608 2255 5663; x_wconf 88' lang='lat' dir='ltr'><strong>hic</strong></span> <span class='ocrx_word' id='word_1_985' title='bbox 2283 5613 2365 5661; x_wconf 90' lang='lat' dir='ltr'><strong>est</strong></span> <span class='ocrx_word' id='word_1_986' title='bbox 2392 5604 2556 5658; x_wconf 90' lang='lat' dir='ltr'><strong>Filius</strong></span> <span class='ocrx_word' id='word_1_987' title='bbox 2578 5615 2730 5657; x_wconf 89' lang='lat' dir='ltr'><strong>meus</strong></span> <span class='ocrx_word' id='word_1_988' title='bbox 2757 5601 3151 5668; x_wconf 88' lang='lat' dir='ltr'><strong>dilectissimus,</strong></span> <span class='ocrx_word' id='word_1_989' title='bbox 3196 5600 3343 5670; x_wconf 90' lang='lat' dir='ltr'><strong>cujus</strong></span> <span class='ocrx_word' id='word_1_990' title='bbox 3371 5598 3615 5654; x_wconf 84' lang='lat' dir='ltr'><strong>taberna—</strong></span> 
     </span>
    </p>
   </div>
   <div class='ocr_carea' id='block_1_117' title="bbox 2052 5688 3623 5760">
    <p class='ocr_par' dir='ltr' id='par_1_117' title="bbox 2052 5688 3623 5760">
     <span class='ocr_line' id='line_1_117' title="bbox 2052 5688 3623 5760; baseline -0.013 -4"><span class='ocrx_word' id='word_1_991' title='bbox 2052 5698 2232 5756; x_wconf 89' lang='lat' dir='ltr'><strong>culum</strong></span> <span class='ocrx_word' id='word_1_992' title='bbox 2258 5710 2420 5753; x_wconf 88' lang='lat' dir='ltr'><strong>unum</strong></span> <span class='ocrx_word' id='word_1_993' title='bbox 2442 5693 2566 5760; x_wconf 88' lang='lat' dir='ltr'><strong>erit,</strong></span> <span class='ocrx_word' id='word_1_994' title='bbox 2582 5692 2688 5749; x_wconf 88' lang='lat' dir='ltr'><strong>hoc</strong></span> <span class='ocrx_word' id='word_1_995' title='bbox 2707 5700 2793 5750; x_wconf 79' lang='lat' dir='ltr'><strong>est</strong></span> <span class='ocrx_word' id='word_1_996' title='bbox 2814 5707 2917 5751; x_wconf 89' lang='lat' dir='ltr'><strong>una</strong></span> <span class='ocrx_word' id='word_1_997' title='bbox 2968 5688 3219 5756; x_wconf 83' lang='lat' dir='ltr'><strong>Ecclesia,</strong></span> <span class='ocrx_word' id='word_1_998' title='bbox 3236 5695 3346 5744; x_wconf 88' lang='lat' dir='ltr'><strong>toto</strong></span> <span class='ocrx_word' id='word_1_999' title='bbox 3364 5696 3623 5744; x_wconf 85' lang='lat' dir='ltr'><strong>terrarum</strong></span> 
     </span>
    </p>
   </div>
  </div>
