4138 6196
487 287 590 345 8%

1685 278 1741 334 s.
1784 277 2024 332 unum
2066 260 2516 334 TAURINENSIS

3641 277 3768 337 81‘!

489 399 618 457 orbe
648 392 856 458 ditiusa,
898 391 965 445 ad
994 391 1392 448 similitudinem
1442 391 1594 444 unius
1623 388 1956 444 Hierusalem
1985 387 2064 444 ci-
2096 392 2138 450 Α
2171 391 2284 450 11οε
2317 393 2575 448 Dominus
2602 391 2669 448 de
2697 407 2792 447 sua
2833 392 3080 462 passione
3109 392 3343 448 dicebat.
3375 391 3560 451 Adhuc
3605 396 3769 450 aduli-

491 488 690 551 vitatis,
720 500 836 555 quae
866 483 916 536 in
945 483 1082 537 cmlo
1112 491 1211 536 est.
1243 481 1300 535 ln
1349 481 1446 534 ista
1489 479 1728 535 Ecclesia
1754 479 1984 550 Moyses,
2012 487 2066 532 et

491 577 654 639 Elias,
689 573 908 638 Petrus,
952 571 1184 626 Jacobus
1213 579 1265 624 et
1291 569 1526 626 Joannes
1566 571 1823 633 aderunt,
1855 585 2068 638 semper

493 668 720 724 Domino
751 663 1112 720 testimonium
1144 661 1504 731 perhibentes,
1549 676 1668 715 cum
1700 660 1947 713 omnibus
1975 674 2069 728 pa-

495 759 740 815 triarchis
787 764 841 810 et
889 753 1201 826 prophetis,
1251 752 1556 822 sanctisque
1603 753 1898 821 apostolis;
1948 766 2068 805 cum

493 849 686 920 quibus
711 855 763 902 ct
790 861 889 901 nos
923 859 1112 900 omnes
1139 842 1437 905 credentes,
1489 857 1702 910 semper
1743 841 2072 896 exsultemus

495 950 548 996 et
570 939 861 1010 gloriemur
889 937 942 990 in
972 935 1198 991 Domino
1227 932 1355 988 Jesu
1377 931 1592 986 Christo
1624 931 1758 986 Filio
1787 932 1901 997 Dei,
1927 947 2070 986 sem-

495 1048 696 1105 perque
724 1030 864 1084 Patri
890 1044 986 1099 per
1011 1029 1182 1097 ipsum
1211 1024 1407 1094 gratias
1435 1033 1655 1094 agentes
1679 1042 1690 1077 :
1723 1025 1807 1079 cui
1833 1031 1914 1078 est
1954 1024 2072 1094 glo-

498 1128 573 1182 ria
605 1128 657 1182 in
681 1125 892 1181 saecula.
929 1125 1118 1178 Amen.

674 1242 723 1297 Χ
741 1241 835 1301 VI.
872 1240 1000 1294 Item
1029 1240 1176 1293 lectio
1199 1239 1489 1310 evangelica
1515 1236 1641 1290 Luc.
1675 1254 1767 1304 xn,
1787 1235 1872 1291 50.

570 1358 658 1411 Ait
686 1355 943 1411 Dominus
972 1373 982 1406 :
1011 1353 1193 1424 Ignem
1216 1355 1327 1406 veni
1346 1354 1545 1406 mittere
1563 1353 1617 1404 in
1643 1359 1857 1420 terram,
1877 1360 1925 1404 et
1954 1351 2077 1422 quid

501 1453 630 1516 toto,
663 1451 762 1504 nisi
789 1461 843 1502 ut
872 1448 1224 1502 accendatur?
1244 1446 1508 1517 Baptismo
1539 1454 1710 1498 autem
1739 1445 1898 1498 habeo
1920 1443 2082 1513 bapti-

501 1545 628 1608 zari,
661 1550 708 1594 et
752 1541 1003 1612 quomodo
1046 1548 1279 1594 coarctor
1305 1555 1460 1609 usque
1499 1537 1620 1591 dum
1663 1537 1997 1608 perficiatur?
2025 1542 2081 1589 et

501 1641 714 1688 caetera.
745 1631 948 1698 Ignem,
974 1631 1165 1698 inquit,
1185 1629 1305 1683 veni
1329 1630 1541 1683 mittere
1563 1629 1614 1682 in
1632 1637 1851 1691 terram,
1875 1624 2080 1695 etquid

2169 483 2245 538 dit
2264 484 2448 538 dicens
2479 502 2492 536 :
2520 486 2539 515 ¹
2571 482 2773 537 Putatis
2796 485 2915 555 quia
2944 500 3121 554 pacem
3152 485 3264 538 veni
3295 484 3421 538 dare
3448 486 3499 538 in
3521 494 3714 538 terram
3737 487 3772 538 1'

2172 573 2317 642 Non,
2342 574 2457 626 dico
2486 574 2642 635 vobis,
2665 574 2755 627 sed
2783 572 3179 642 separationem.
3208 571 3375 626 Erunt
3402 575 3535 626 enim
3561 591 3627 626 ex
3655 574 3767 625 hoc

2169 655 2387 733 quinque
2408 663 2459 714 in
2489 661 2640 715 domo
2669 679 2771 714 una
2796 661 2965 725 divisi,
3001 670 3102 714 tres
3121 664 3174 715 in
3197 661 3344 725 duos,
3368 672 3418 714 et
3445 663 3541 716 duo
3561 665 3617 716 in
3649 673 3770 717 tres

2171 752 2460 806 dividentur
2489 769 2505 806 :
2536 761 2681 822 pater
2708 753 2760 804 in
2797 752 2984 820 ﬁlium,
3015 760 3064 805 et
3090 752 3233 821 ﬁlius
3260 753 3316 805 in
3345 763 3538 820 patrem
3564 771 3724 806 suum
3742 770 3766 816 ;

2171 855 2335 899 mater
2355 846 2407 898 in
2435 845 2619 914 ﬁliam,
2652 853 2698 896 et
2719 844 2832 913 ﬁlia
2850 845 2904 897 in
2934 853 3149 896 matrem
3173 860 3350 908 suam;
3380 860 3552 898 socrus
3581 846 3636 897 in
3658 861 3773 896 nu-

2173 953 2286 989 rum
2314 953 2480 999 suam,
2511 944 2560 988 et
2581 952 2742 988 nurus
2764 936 2818 987 in
2841 952 3044 988 socrum
3067 952 3214 988 suam
3248 934 3454 1006 (Ibid.).
3478 935 3576 990 Ista
3618 935 3774 990 divi-

2173 1027 2258 1082 sio
2298 1041 2329 1080 a
2359 1025 2602 1080 ﬁdelibus
2649 1021 2705 1076 tit
2753 1032 2940 1078 contra
2991 1021 3256 1084 infideles.
3295 1021 3431 1078 Cum
3475 1025 3617 1079 enim
3666 1025 3770 1078 alii

2174 1116 2516 1172 consentiunt
2544 1114 2608 1168 ad
2657 1112 2812 1168 fidem
2839 1113 3069 1178 Domini,
3099 1113 3188 1166 alii
3221 1111 3560 1176 dissentiunt,
3593 1129 3626 1167 a
3657 1114 3775 1168 tide

2175 1215 2523 1278 separantur;
2551 1214 2605 1260 et
2632 1206 2732 1260 ista
2758 1206 3027 1275 separatio
3055 1204 3336 1260 credentes
3364 1204 3548 1269 salvat,
3579 1205 3774 1258 incre-

2176 1298 2330 1354 dulos
2359 1311 2489 1351 vero
2528 1295 2767 1350 damnat.
2800 1293 3009 1349 Iustum
3055 1302 3139 1349 cst
3184 1294 3328 1349 enim
3376 1300 3434 1348 ut
3479 1293 3648 1348 fidelis
3677 1294 3773 1347 di-

2177 1389 2379 1454 scedat,
2407 1387 2532 1458 quia
2564 1402 2671 1442 non
2699 1394 2883 1456 potest
2905 1386 3137 1442 societas
3166 1400 3286 1439 esse
3315 1385 3420 1440 luci
3456 1401 3572 1440 cum
3606 1395 3776 1439 tene-

2177 1482 2308 1544 bris,
2337 1495 2438 1534 nec
2477 1477 2637 1533 dulce
2666 1491 2851 1532 amaro
2879 1477 3115 1538 misceri,
3149 1491 3249 1530 nec
3279 1475 3447 1532 fidelis
3480 1491 3598 1530 cum
3647 1473 3778 1529 infl-

2178 1571 2304 1625 deli.
2336 1568 2590 1637 Ideoque,
2637 1565 2848 1630 fratres,
2882 1567 2936 1621 in
2979 1565 3081 1620 tide
3109 1565 3318 1620 Domini
3351 1573 3780 1634 perseverantes

2180 1663 2368 1718 demus
2414 1675 2654 1732 operam,
2693 1666 2747 1714 et
2795 1666 2852 1712 ut
2905 1656 3208 1711 incredulos
3245 1655 3312 1710 ad
3362 1654 3516 1711 fidem
3548 1655 3784 1711 Domini

503 1723 646 1787 volo,
680 1722 778 1775 nisi
811 1732 870 1775 ut
916 1720 1276 1775 accendatur?
1304 1718 1483 1788 Ignem
1529 1719 1693 1772 mittit
1739 1717 1996 1772 Dominus
2026 1717 2079 1770 in
2115 1747 2157 1806 Β
2183 1717 2559 1822 ρρτάυωηςῶ,
2583 1717 2874 1817 on'nwsque
2905 1747 2955 1800 in
2980 1746 3196 1800 Christo
3225 1745 3498 1800 sahemur
3524 1765 3535 1798 ε
3565 1747 3660 1802 cui
3692 1755 3785 1801 es:

504 1823 701 1869 terram
731 1813 964 1884 pectoris
994 1812 1160 1868 nostri
1208 1811 1273 1864 ad
1301 1810 1653 1865 excolendum
1682 1825 1865 1878 agrum
1898 1811 2082 1865 cordis

504 1905 695 1970 nostri,
740 1903 807 1957 ad
835 1901 1136 1956 exurendas
1162 1901 1342 1969 spinas
1370 1909 1424 1955 et
1456 1899 1679 1954 tribulos
1717 1907 2078 1969 peccatorum,

506 2004 562 2050 ut
591 1995 754 2060 frigus
782 1991 1030 2062 nequitiae
1055 2001 1251 2046 nostra:
1280 1991 1530 2059 pellatur,
1561 1998 1616 2045 et
1647 1989 1828 2045 calore
1857 1987 2084 2058 Spiritus

504 2085 674 2139 sancti
703 2083 882 2138 omnia
913 2081 1139 2136 fecunda
1168 2081 1221 2135 in
1264 2081 1418 2136 nobis
1447 2088 1502 2136 et
1539 2095 1796 2152 prospera
1823 2080 2082 2134 oriantur.

511 2173 660 2239 Nam,
683 2173 866 2242 accipe
894 2171 1352 2242 comparationem
1378 2186 1444 2226 ex
1468 2172 1590 2240 igne
1618 2172 1721 2227 isto
1745 2180 1990 2236 terreno;
2013 2170 2088 2224 ait

510 2263 723 2333 quidam
752 2270 943 2318 auctor
963 2261 1298 2319 saecularium
1325 2261 1624 2318 litterarum
1656 2265 1670 2294 ⁸
1705 2279 1718 2315 :

603 2412 749 2477 saepe
775 2415 922 2477 etiam
941 2414 1140 2465 steriles
1163 2415 1425 2465 incendere
1453 2415 1628 2477 promit
1650 2427 1810 2477 agros.

606 2475 770 2538 AtQue
795 2476 955 2524 levem
979 2478 1208 2538 stipulam
1229 2475 1576 2537 crepitantibus
1602 2475 1752 2527 urere
1775 2477 2010 2527 ﬂammis:

605 2536 725 2599 Sive
750 2538 863 2586 inde
882 2536 1095 2586 occultas
1115 2539 1263 2598 vires,
1291 2536 1344 2599 et
1367 2539 1538 2599 pabula
1565 2547 1709 2587 terrae

605 2597 813 2661 Pinguia
831 2599 1131 2660 concipiunt;
1155 2597 1260 2648 sive
1285 2597 1380 2648 illis
1403 2613 1548 2648 omne
1571 2612 1659 2661 per
1677 2601 1848 2661 ignem

605 2657 911 2722 Exeoquitur
935 2657 1127 2722 vitium,
1149 2670 1296 2721 atque
1323 2662 1530 2711 exsudat
1550 2657 1728 2710 inutilis
1747 2662 1946 2722 humor;

609 2673 911 2768 excoquitur
935 2673 1127 2720 viuum,
1149 2673 1296 2721 atque
1323 2673 1530 2711 exsudat
1550 2673 1702 2710 mutui

609 2720 710 2791 Seu
735 2734 766 2782 p
788 2734 903 2791 ures
917 2720 1048 2771 calor
1070 2723 1151 2771 ille
1170 2724 1271 2791 vias
1289 2731 1338 2770 et
1361 2734 1489 2771 caeca
1510 2721 1704 2791 relaxat

610 2781 936 2845 Spiramenta,
964 2797 1108 2832 novas
1129 2787 1294 2833 veniat
1313 2795 1408 2844 qua
1425 2795 1599 2833 succus
1622 2785 1671 2832 in
1689 2783 1892 2845 herbas;

610 2842 714 2894 Seu
735 2842 880 2894 durat
902 2846 1075 2907 magis,
1096 2851 1148 2895 et
1175 2842 1561 2907 venas—astringit
1584 2845 1790 2896 hiantes.

521 2995 577 3051 Si
607 2995 710 3050 hoc
739 3004 957 3066 praestat
985 3004 1147 3066 atque
1167 2994 1331 3051 efﬁcit
1373 2995 1510 3066 ignis
1540 2997 1640 3054 iste
1671 3004 1915 3052 terrenus
1941 3003 2102 3065 atque

2179 1843 2348 1912 gloria
2372 1850 2426 1896 et
2449 1841 2726 1913 imperium
2759 1839 2810 1892 in
2839 1838 3052 1893 saecula.
3083 1837 3271 1892 Amen.

2278 1931 2472 1986 XVII.
2508 1931 2640 1986 Item
2664 1931 2726 1984 de
2753 1929 2968 1983 lectione
2996 1928 3285 1997 evangelica
3305 1926 3470 1980 Marc.
3504 1943 3556 1989 tt,
3585 1927 3681 1980 15.

2255 2021 2557 2076 Recitatum
2588 2029 2668 2075 est
2691 2018 2780 2074 ubi
2807 2018 3060 2072 Dominus
3090 2017 3287 2072 dicitur
3312 2018 3555 2072 habuisse
3579 2018 3784 2072 convi-

2187 2111 2333 2166 vium
2363 2109 2504 2179 apud
2530 2108 2658 2164 Levi
2685 2124 2806 2163 cum
2827 2106 3128 2178 publicanis
3157 2113 3211 2161 et
3239 2108 3634 2176 peccatoribus.
3663 2107 3788 2163 Non

2186 2199 2504 2271 prohibebat
2526 2198 2780 2252 Dominus
2806 2197 3122 2267 publicanos
3149 2205 3204 2252 et
3236 2206 3565 2266 peccatores,
3595 2207 3664 2251 ut
3696 2201 3790 2253 vel

2191 2293 2472 2349 occasione
2499 2289 2732 2345 convivii
2759 2288 3107 2344 docerentur.
3129 2287 3246 2343 Non
3271 2289 3559 2358 repellebat
3581 2289 3790 2359 impios

2191 2391 2247 2439 et
2272 2383 2496 2452 injustos
2522 2381 2697 2449 justus
2724 2388 2779 2435 et
2823 2380 2960 2450 pius,
2997 2379 3086 2448 qui
3117 2393 3305 2434 omnes
3352 2387 3409 2433 ut
3436 2385 3651 2434 sanaret
3684 2381 3789 2433 ad-

2190 2481 2436 2537 venerat,
2462 2473 2603 2528 sicut
2631 2471 2744 2542 ipse
2772 2471 2982 2526 dixerat
3007 2488 3019 2523 :
3047 2471 3208 2541 772
3240 2467 3363 2524 Non
3393 2480 3470 2524 est
3490 2471 3631 2524 sanis
3655 2488 3792 2539 opus

2195 2567 2414 2628 medico,
2446 2565 2536 2619 sed
2583 2563 2718 2617 male
2769 2564 3072 2618 habentibus
3101 2563 3313 2632 (Matth.
3372 2564 3468 2632 lx).
3497 2563 3552 2616 In
3593 2563 3791 2618 multis

2196 2657 2587 2713 desideriorum
2629 2655 2866 2711 febribus
2893 2654 3218 2723 constitutis,
3250 2655 3426 2709 dulcia
3470 2671 3791 2710 sermonum

2200 2763 2420 2804 suorum
2449 2746 2725 2816 refrigeria
2764 2745 3096 2800 infundebat.
3130 2744 3324 2799 Aderat
3358 2744 3679 2800 abundantia
3712 2746 3795 2800 ci-

2203 2839 2395 2896 borum
2423 2846 2478 2892 et
2500 2845 2689 2908 potus;
2714 2835 2806 2892 sed
2835 2835 3100 2900 Salvator,
3127 2835 3316 2891 videns
3335 2852 3431 2892 eos
3460 2837 3509 2891 in
3540 2835 3673 2906 ipsis
3704 2837 3796 2889 in-

2206 2935 2401 2994 tentos,
2427 2927 2750 2996 iungebatur
2775 2943 2894 2982 cum
2925 2927 3030 2982 illis
3067 2927 3118 2980 in
3165 2935 3382 2982 terreno
3429 2923 3699 2994 convivio,
3737 2937 3797 2982 ut

2205 3027 2299 3067 eos
2339 3011 2406 3066 ad
2455 3011 2695 3067 cmlestia
2744 3012 3039 3066 monuisset
3083 3012 3325 3066 convivia
3379 3012 3646 3077 festinare,
3702 3013 3800 3066 ubi

523 3101 837 3157 corporeus,
862 3094 1063 3157 quanto
1089 3088 1258 3157 magis
1279 3089 1414 3158 ignis
1432 3088 1523 3144 ille
1542 3089 1776 3146 ctelestis
1791 3096 1847 3145 et
1860 3097 2098 3156 sanctus,

2204 3110 2330 3157 sunt
2358 3102 2460 3157 illae
2495 3117 2601 3156 non
2633 3102 2976 3172 temporales,
3006 3099 3096 3155 sed
3140 3107 3354 3155 aeternae
3396 3101 3611 3165 deliciae,
3662 3116 3799 3170 quas

523 3179 615 3250 qui
663 3179 736 3234 ita
765 3187 1014 3250 penetrat
1058 3180 1251 3235 animae
1300 3196 1561 3248 recessus,
1593 3190 1652 3236 ut
1697 3180 1898 3236 vadens
1937 3180 2100 3236 etiam

525 3284 624 3340 per
646 3269 952 3324 universam
981 3269 1334 3326 substantiam
1357 3272 1460 3343 77
1471 3275 1514 3341 ι
1536 3271 1800 3341 corporis,
1827 3278 1996 3325 totum
2014 3271 2106 3325 ho-

526 3361 724 3417 minem
753 3361 1012 3416 mundum
1038 3362 1227 3418 reddat
1261 3372 1422 3432 atque
1461 3362 1818 3429 fructiferum;
1848 3371 1904 3417 et
1926 3370 2104 3418 tantos

526 3453 729 3510 fructus
756 3451 921 3510 efficit
947 3453 1083 3524 ignis
1130 3455 1231 3510 iste
1281 3455 1332 3508 in
1365 3455 1600 3518 homine,
1627 3463 1860 3523 quantos
1887 3456 2108 3526 exponit

528 3544 724 3603 Paulus
750 3547 1026 3617 apostolus
1051 3546 1236 3603 dicens
1269 3565 1281 3600 :
1313 3546 1538 3601 Fructus
1566 3545 1798 3616 Spiritus
1816 3555 1915 3612 est,
1946 3547 2107 3618 spiri-

529 3647 616 3694 tus
652 3639 794 3694 illius
822 3639 962 3710 ignei
989 3638 1208 3707 caritas,
1239 3638 1507 3707 gaudium,
1540 3653 1666 3709 pax,
1697 3639 1975 3709 patientia,
2007 3639 2108 3696 bo-

529 3731 687 3798 nitas,
720 3731 847 3786 tides
877 3729 1076 3802 (Gatat.
1107 3732 1182 3800 v),
1215 3740 1318 3786 etc.
1351 3731 1578 3798 Caritas,
1611 3732 1783 3800 inquit
1811 3731 1862 3786 in
1911 3732 2109 3802 capite,

530 3823 658 3894 quia
707 3823 880 3892 ignem
910 3823 1150 3878 caritatis
1181 3838 1451 3892 nunquam
1482 3824 1774 3893 exstinguit
1815 3824 1980 3894 frigus
2008 3824 2112 3878 ini-

532 3913 779 3982 quitatis;
829 3913 909 3968 sic
956 3913 1149 3968 iterum
1195 3907 1326 3968 dicit
1373 3912 1648 3983 Scriptura
1693 3913 1871 3968 divina
1917 3931 1929 3965 :
1971 3915 2114 3984 Aqua

533 4004 695 4057 multa
758 4020 862 4058 non
925 4006 1206 4076 exstinguit
1279 4005 1583 4069 caritatem,
1638 4014 1687 4058 et
1738 4005 1953 4072 ﬂumina
2013 4020 2115 4058 non

535 4092 859 4146 inundabunt
905 4109 1022 4147 eam
1066 4093 1242 4164 (Cant.
1299 4093 1432 4165 vni),
1476 4102 1533 4148 ut
1587 4109 1694 4149 non
1741 4108 1860 4148 eam
1910 4102 2114 4164 petram

536 4191 592 4238 et
642 4183 830 4237 turrim
881 4184 1115 4239 excisam
1172 4185 1308 4255 (sic).
1359 4183 1561 4255 Ignem,
1613 4186 1706 4250 ait,
1760 4186 1872 4240 veni
1921 4187 2119 4239 mittere

538 4279 590 4332 in
631 4285 822 4331 terram
871 4293 888 4332 :
935 4286 985 4332 et
1035 4278 1157 4349 quid
1208 4279 1341 4343 volo,
1383 4279 1482 4331 nisi
1528 4287 1584 4330 ut
1630 4277 1974 4332 accendatur?
2017 4277 2119 4332 Ac-

539 4367 782 4424 cenditur
826 4383 925 4438 per
973 4367 1170 4422 bonam
1215 4368 1567 4432 voluntatem,
1617 4382 1713 4437 per
1756 4369 1953 4422 bonum
1993 4382 2120 4437 pro-

539 4462 773 4534 positum
801 4460 1014 4525 mentis,
1039 4474 1156 4527 quae
1184 4460 1237 4512 in
1264 4475 1322 4514 se
1351 4459 1747 4526 quodammodo
1774 4468 1932 4527 auget
1959 4467 2120 4526 atque

541 4552 835 4608 inflammat
864 4551 1039 4618 ignem
1092 4550 1248 4604 illum.
1287 4549 1544 4603 divinum.
1579 4549 1900 4604 Accenditur
1945 4551 2122 4605 adhuc

543 4646 680 4714 ignis
710 4645 810 4698 iste
850 4643 902 4697 in
933 4640 1087 4696 nobis
1113 4654 1212 4710 per
1239 4639 1571 4708 frequentem
1615 4639 1797 4694 flatum
1823 4641 2122 4700 divinarum

545 4738 971 4808 Scripturarum;
1004 4733 1144 4790 unde
1167 4740 1222 4788 et
1255 4732 1552 4803 Apostolus.
1566 4741 1782 4788 sanctus
1821 4733 1923 4788 hoc
1951 4734 2126 4789 sciens

549 4828 836 4882 mandabat
883 4826 1168 4881 Timotheo
1208 4839 1306 4880 suo
1334 4823 1594 4894 discipulo
1639 4823 1822 4878 dicens
1857 4841 1868 4876 :
1911 4823 2128 4876 Attende

552 4919 644 4971 tibi
671 4929 718 4970 et
747 4917 982 4982 lectioni;
1014 4932 1258 4987 permane
1283 4917 1334 4969 in
1363 4915 1454 4969 eis.
1501 4914 1616 4968 lloc
1641 4916 1775 4968 enim
1818 4916 2013 4985 faciens
2035 4955 2050 4980 ,
2079 4924 2128 4966 et

554 5009 772 5077 teipsum
798 5009 1040 5074 salvebis,
1063 5017 1114 5063 et
1137 5025 1223 5064 eos
1251 5010 1334 5080 qui
1365 5018 1412 5061 te
1440 5008 1657 5062 audiunt
1687 5007 1846 5079 (Tim.
1870 5007 2048 5077 tv).Et
2077 5015 2130 5061 te

559 5097 761 5166 inquit,
792 5100 1017 5152 salvabit
1047 5100 1184 5168 ignis
1213 5098 1526 5153 salubritate
1558 5095 1865 5165 fulgentem,
1891 5105 1946 5150 et
1970 5104 2132 5151 caete-

558 5203 650 5245 ros
687 5189 778 5257 qui
820 5199 870 5243 te
916 5191 1139 5246 audiunt
1179 5190 1518 5246 illuminabis.
1565 5189 1764 5243 Deinde
1809 5197 2025 5244 secutus
2053 5195 2136 5242 est

560 5277 817 5336 Dominus
844 5279 1027 5335 dicens
1058 5300 1070 5334 :
1102 5282 1368 5353 Baptismo
1396 5291 1566 5336 autem
1595 5279 1756 5334 habeo
1785 5280 2056 5346 baptizari,
2087 5288 2138 5332 et

561 5371 812 5441 quomodo
845 5379 1080 5424 coarctor
1126 5390 1282 5445 usque
1323 5375 1445 5428 dum
1484 5373 1782 5444 perﬁciatur
1813 5370 1964 5441 (Luc.
1994 5372 2138 5439 xu)?

638 5583 651 5613 ¹
679 5579 866 5650 Virgil.
897 5577 1091 5650 Georg.
1119 5581 1208 5634 lib.
1243 5597 1277 5633 ι.

2202 3211 2295 3248 nec
2323 3195 2500 3248 acutus
2527 3194 2673 3259 vidit,
2705 3207 2800 3246 nec
2830 3193 2972 3245 auris
2995 3191 3206 3256 audivit,
3236 3207 3328 3244 nec
3357 3192 3410 3244 in
3449 3208 3536 3245 cor
3563 3190 3801 3244 hominis

2205 3287 2458 3354 ascendit,
2500 3302 2615 3360 qua:
2653 3286 2966 3357 praeparavit
2996 3283 3132 3338 Deus
3183 3283 3512 3354 diligentibus
3554 3299 3606 3336 se
3647 3281 3797 3350 (Isa.

2207 3395 2347 3444 LXIV,
2375 3387 2423 3433 et
2454 3378 2484 3432 Ι
2505 3376 2624 3432 Cor.
2654 3391 2715 3446 ι).
2740 3374 2854 3430 Νοιι
2877 3383 2980 3441 est,
3006 3375 3196 3444 inquit,
3230 3383 3365 3443 opus
3394 3374 3536 3428 sanis
3556 3372 3796 3437 medici»,

2207 3469 2300 3524 sed
2329 3469 2468 3524 male
2498 3466 2836 3522 habentibus.
2861 3464 2962 3531 Qui
2985 3473 3214 3533 aegrotas
3243 3465 3446 3530 animo,
3471 3479 3802 3533 quocunque

2209 3561 2461 3614 vitiorum
2509 3559 2700 3613 morbo
2726 3556 3008 3621 detentus;
3041 3556 3133 3624 qui
3182 3554 3358 3610 febres
3389 3555 3554 3610 habes
3580 3563 3672 3608 aut
3704 3571 3804 3608 su-

2212 3651 2428 3721 perbiae,
2466 3656 2559 3703 aut
2599 3649 2839 3714 luxuriae,
2885 3655 2983 3700 aut
3011 3643 3460 3715 concupiscentia:
3504 3643 3677 3707 malm,
3705 3653 3806 3697 aut

2212 3741 2518 3806 iracundiae,
2550 3747 2642 3795 aut
2669 3739 2923 3805 avaritiae,
2957 3753 3113 3794 curre
3139 3737 3204 3792 ad
3233 3736 3496 3792 medicum
3524 3735 3805 3790 Christum

2215 3842 2269 3889 et
2293 3847 2492 3902 rogans
2530 3831 2616 3886 die
2658 3830 2725 3884 ad
2754 3829 2877 3886 eum
2910 3848 2922 3883 :
2954 3828 3070 3902 Ego
3115 3829 3244 3896 dixi,
3282 3827 3518 3890 Domine,
3558 3828 3807 3880 miserere

2217 3925 2349 3989 mei;
2370 3939 2501 3978 sana
2523 3922 2750 3975 animam
2773 3937 2957 4000 meam,
2987 3922 3108 3991 quia
3130 3920 3333 3990 peccavi
3365 3919 3452 3973 tibi
3479 3917 3646 3987 (Psat.
3677 3918 3807 3988 xl.);

2218 4021 2274 4070 ut
2300 4022 2354 4070 et
2383 4015 2494 4084 ipse
2523 4013 2665 4069 dicat
2738 4053 2752 4066 .
2831 4053 2843 4065 .
2925 4053 2939 4066 .
3020 4052 3034 4066 .
3117 4051 3130 4066 .
3207 4012 3250 4067 si
3302 4011 3454 4066 audis
3481 4009 3641 4066 verba
3678 4024 3806 4062 mea

2221 4144 3803 4267 diligisctnec.............

2224 4378 2546 4433 medicinam
2577 4376 2777 4432 senties
2802 4391 2956 4446 opem
2985 4375 3147 4430 divini
3168 4375 3369 4440 auxilii,
3394 4377 3440 4431 si
3467 4375 3817 4434 devotionem

2155 4489 2199 4547 ο
2228 4477 2332 4524 tuae
2354 4471 2551 4523 mentis
2567 4468 2621 4523 iu
2641 4464 2836 4522 divinis
2857 4468 3137 4538 praeceptis
3154 4476 3266 4522 tota
3287 4467 3656 4522 observatione
3678 4483 3819 4524 con-

2228 4560 2434 4614 tuleris.
2469 4557 2716 4627 Magnum
2745 4566 2801 4613 et
2838 4559 3036 4614 bonum
3067 4567 3167 4623 est,
3201 4557 3411 4619 fratres,
3437 4573 3622 4626 parere
3643 4558 3820 4614 C(ele-

2228 4650 2296 4704 sti
2323 4649 2608 4714 mandato;
2633 4655 2689 4703 et
2709 4649 2834 4703 inde
2863 4649 3006 4703 salus
3035 4650 3347 4717 acquiritur,
3382 4651 3469 4704 ubi
3495 4649 3822 4706 obedientio:

2233 4741 2527 4796 famulatur
2555 4740 2789 4794 auditus.
2817 4739 2958 4809 Ergo
2984 4757 3265 4811 pareamus
3291 4744 3485 4798 divinis
3513 4744 3819 4813 praeceptis,

2234 4843 2292 4888 ut
2324 4834 2586 4889 bonorum
2609 4832 2962 4886 substantiam
2991 4835 3283 4899 consecuti,
3313 4851 3524 4905 semper
3552 4833 3694 4887 Patri
3722 4851 3824 4904 per

2236 4924 2425 4978 Filium
2456 4923 2654 4992 gratias
2695 4921 2989 4978 referamus
3023 4942 3033 4977 :
3067 4925 3152 4979 cui
3194 4934 3276 4980 est
3303 4925 3471 4994 gloria
3519 4925 3570 4979 in
3599 4925 3821 4986 saecula.

2239 5015 2427 5068 Amen.

2333 5102 2563 5158 XVIII.
2600 5103 2730 5159 Item
2760 5107 2821 5160 de
2850 5113 3028 5160 sancto
3057 5103 3339 5176 Evangelia
3372 5104 3494 5158 Luc.
3521 5122 3605 5168 xv,
3633 5103 3720 5158 l2.

2310 5195 2624 5251 Audivimus
2653 5197 2813 5252 hodie
2843 5197 2895 5250 in
2926 5204 3113 5250 sancto
3143 5195 3434 5264 Evangelio
3455 5197 3734 5250 recitatum
3756 5196 3830 5251 de

2241 5285 2450 5342 duobus
2479 5286 2598 5341 filiis
2623 5287 2835 5356 juniore
2864 5295 2920 5342 et
2963 5283 3186 5354 majore,
3218 5286 3413 5354 quibus
3459 5293 3612 5356 pater
3636 5283 3824 5340 distri-

2243 5378 2433 5434 buerat
2471 5380 2855 5444 substantiam;
2887 5386 2941 5436 et
2963 5378 3106 5450 quod
3156 5377 3338 5448 junior
3375 5377 3747 5449 peregrinatus
3792 5393 3830 5434 ι

638 5654 658 5688 ‘
686 5649 910 5723 Vulgata
941 5649 1066 5722 legit
1099 5670 1110 5705 :
1149 5651 1354 5704 Putatis
1378 5651 1496 5716 quia
1541 5666 1720 5717 pacem
1749 5652 1857 5707 veni
1889 5653 2086 5706 mittere
2121 5654 2172 5705 in
2202 5660 2423 5705 terram.
