4138 6196
279 338 387 392 895

1116 324 1217 382 ΙῘΗ
1237 322 1591 382 CAPITULIS
1628 319 2163 376 EVANGELIORUM
2207 320 2705 379 EXPOSITIONES.

3451 324 3552 377 825

279 460 458 520 patre,
487 444 760 501 luxuriose
786 442 967 498 vivens
996 440 1048 494 in
1078 439 1311 510 peccatis
1333 434 1854 517 perdiderigomnia,
1886 440 1933 496 Α
1962 434 2014 489 hi
2033 436 2119 505 qui
2162 436 2333 489 volunt
2376 438 2492 489 hinc
2544 440 2768 491 transire
2805 437 2875 491 ad
2923 454 3008 491 vos
3052 455 3155 492 non
3200 442 3418 509 possint,
3465 458 3554 495 nec

280 549 339 595 et
366 546 555 608 postea
603 532 917 604 pcnnitentia
944 529 1133 585 ductus
1162 536 1215 583 et
1254 526 1479 581 multum
1519 522 1749 578 afllictus
1779 537 1863 577 re-

278 630 445 683 dierit
481 627 548 681 ad
573 634 808 696 patrem;
840 624 925 677 cui
972 630 1127 692 pater
1155 627 1209 674 et
1242 619 1434 673 stolam
1455 657 1468 680 ,
1494 623 1548 670 et
1584 615 1855 678 annulum,

280 728 341 773 et
370 718 792 774 calceamentum
834 712 995 782 jussit
1027 710 1162 775 dari,
1196 717 1251 763 et
1286 708 1509 761 vitulum
1539 706 1592 759 in
1619 704 1864 760 convivio

282 808 465 865 occidi
495 822 594 877 pro
622 803 992 872 redemptione
1022 800 1137 870 ejus
1199 838 1215 852 .
1295 838 1309 853 .
1389 837 1404 852 .
1473 836 1487 851 .
1565 835 1581 850 .
1660 836 1675 849 .
1753 835 1767 849 .
1847 835 1862 849 .

286 892 1862 953 ......venicnte.........

286 1000 360 1041 eo
388 983 607 1040 consola
686 1020 699 1035 .
780 1020 793 1034 .
875 1020 888 1033 .
959 1019 972 1033 .
1052 976 1179 1042 Fili,
1231 986 1283 1029 tu
1331 991 1531 1045 semper
1569 988 1765 1027 mecum
1792 989 1865 1037 es,

284 1086 342 1132 et
366 1075 539 1130 omnia
557 1088 673 1126 mea
702 1080 786 1124 tua
809 1078 943 1123 sunt.
970 1066 1186 1136 Epulari
1214 1076 1379 1118 autem
1401 1073 1449 1117 et
1470 1062 1692 1135 gaudere
1713 1079 1868 1132 opor—

290 1175 385 1231 tet,
418 1164 539 1237 quia
567 1164 730 1234 frater
760 1170 871 1214 tuus
920 1159 1000 1212 hic
1037 1166 1266 1211 mortuus
1294 1162 1427 1221 erat,
1466 1163 1514 1206 et
1542 1153 1753 1215 revixit;
1783 1168 1871 1221 pe-

290 1259 476 1322 rierat,
519 1263 568 1309 et
610 1256 843 1307 inventus
868 1260 960 1304 est.
992 1248 1083 1302 Isti
1123 1247 1230 1301 duo
1257 1245 1475 1311 fratres,
1508 1251 1567 1296 ut
1595 1240 1870 1309 exiguitati

278 1361 432 1401 mea:
458 1344 684 1408 videtur,
711 1340 1002 1403 carissimi,
1032 1338 1256 1391 duorum
1300 1333 1621 1403 populorum
1666 1329 1869 1397 signiﬁ-

291 1440 533 1497 cantiam
561 1445 770 1504 gerunt.
802 1432 997 1487 Senior
1023 1435 1199 1500 potest
1234 1426 1453 1494 intelligi
1487 1424 1737 1492 antiquus
1776 1437 1872 1490 po-

291 1528 456 1599 pulus
482 1524 901 1597 patriarcharum
929 1520 1013 1573 vel
1058 1517 1463 1587 prophetarum,
1493 1514 1584 1583 qui
1613 1528 1733 1566 cum
1763 1512 1873 1566 Deo

291 1622 459 1675 Patre
481 1615 863 1689 perseverabat
889 1612 1127 1666 serviens
1156 1609 1238 1673 ei;
1260 1608 1458 1677 junior,
1489 1606 1719 1675 populus
1742 1617 1872 1671 gen-

294 1711 455 1775 tium,
483 1709 574 1778 qui
603 1706 759 1777 773
806 1704 1062 1770 elongans
1108 1715 1167 1754 se
1214 1715 1243 1753 a
1290 1698 1423 1761 Deo,
1457 1698 1602 1752 velut
1650 1708 1873 1765 peregre

1964 526 2085 579 inde
2108 527 2203 578 huc
2226 535 2561 580 transmeare.

2036 615 2465 683 Consideremus,
2494 616 2701 684 fratres,
2726 618 2867 686 quod
2898 617 3047 674 dives
3075 620 3295 688 ponitur
3320 629 3374 675 et
3398 635 3551 675 meu-

1965 709 2132 765 dicus.
2164 710 2352 764 Divitis
2394 724 2588 764 nomen
2632 718 2859 777 tacetur,
2892 711 3053 783 ’174Ι
3079 720 3135 766 et
3178 712 3293 766 sine
3338 712 3556 766 nomine

1969 807 2070 863 est,
2104 800 2250 854 velut
2279 815 2473 870 corpus
2499 800 2614 855 sine
2643 802 2849 870 capite:
2876 802 2930 855 in
2959 802 3132 872 capite
3161 817 3356 857 nomen
3385 817 3553 869 agno-

1968 890 2169 954 scitur;
2198 889 2287 943 ille
2314 890 2507 944 merito
2535 891 2649 944 sine
2674 892 2910 955 nomine,
2940 892 3064 961 quia
3092 892 3208 946 sine
3236 893 3409 962 capite
3439 892 3554 959 fuit,

1968 978 2057 1047 qui
2083 977 2277 1032 Christi
2299 979 2350 1032 in
2376 994 2452 1045 se,
2483 980 2573 1047 qui
2615 987 2774 1048 caput
2800 988 2900 1044 est,
2929 996 3028 1036 nec
3059 978 3236 1046 ﬁdem,
3269 998 3367 1037 nec
3395 982 3556 1036 mise-

1969 1068 2253 1122 ricordiam
2286 1068 2489 1122 habuit.
2523 1069 2724 1123 Deinde
2753 1068 3043 1125 Eleazarus
3071 1072 3376 1125 nominatur
3404 1087 3554 1125 men-

1969 1158 2138 1224 dicus,
2172 1167 2349 1214 tamen
2386 1159 2502 1227 ejus
2542 1175 2738 1215 nomen
2788 1161 2838 1214 in
2886 1161 3024 1217 libro
3053 1162 3189 1217 Vita:
3228 1163 3555 1229 continetur,

1970 1250 2111 1319 quod
2140 1256 2195 1304 et
2223 1251 2276 1303 in
2303 1250 2594 1318 Evangelio
2623 1268 2728 1306 non
2767 1260 2990 1306 tacetur.
3022 1253 3062 1306 l.
3096 1253 3333 1308 Mortuus
3376 1265 3458 1308 est
3502 1263 3559 1308 et

1971 1338 2061 1393 ille
2089 1339 2237 1394 dives
2271 1340 2361 1408 qui
2391 1340 2710 1395 induebatur
2737 1358 2969 1411 purpura
3001 1351 3055 1396 et
3082 1343 3260 1411 bysso,
3292 1351 3347 1397 et
3376 1343 3560 1411 epula-

1972 1428 2128 1483 batur
2166 1430 2406 1498 quotidie
2451 1432 2756 1500 splendide;
2793 1441 2845 1487 et
2876 1434 3114 1502 sepultus
3143 1443 3223 1487 est
3249 1435 3300 1487 in
3332 1435 3560 1490 inferno.

1975 1519 2035 1572 ll.
2062 1519 2345 1575 Eleazarus
2367 1529 2543 1576 autem
2566 1523 2840 1577 mendicus
2860 1533 3101 1580 mortuus
3130 1534 3212 1579 est
3240 1532 3295 1579 et
3321 1534 3561 1595 portatus

1976 1608 2042 1661 ab
2068 1610 2268 1676 angelis
2298 1610 2352 1664 in
2381 1610 2499 1663 sinu
2547 1611 2771 1665 Abrahae
2816 1613 3131 1681 ponebatur.
3163 1614 3248 1667 lll.
3297 1614 3559 1669 Judicium

1977 1696 2073 1751 Dei
2102 1697 2281 1752 statim
2311 1698 2364 1751 in
2394 1698 2631 1766 utrisque
2658 1708 2929 1755 ostensum
2960 1709 3041 1754 est
3066 1720 3077 1753 :
3111 1704 3337 1771 sumpsit
3360 1718 3562 1772 pauper

293 1798 589 1870 profectus,
623 1797 676 1850 in
722 1794 901 1847 multis
947 1790 1219 1847 erroribus
1248 1788 1412 1854 vixit,
1442 1788 1641 1858 quique
1687 1793 1871 1855 postea
1910 1800 1948 1855 Β
1978 1797 2102 1859 post
2129 1789 2343 1844 labores
2371 1797 2426 1843 et
2454 1790 2665 1845 dolores
2694 1791 2894 1846 multos
2922 1792 3221 1848 desiderata
3256 1794 3561 1861 refrigeria;

293 1890 518 1947 veniens
546 1888 613 1943 ad
659 1894 867 1958 patrem
910 1884 1179 1953 paenitens
1221 1888 1276 1936 et
1314 1894 1509 1948 rogans
1538 1877 1745 1946 accepit
1772 1882 1880 1929 sto-

293 1982 407 2037 lam
435 1979 677 2050 primam,
710 1981 1082 2032 ornamentum
1128 1971 1330 2026 scilicet
1358 1967 1740 2037 redemptionis
1768 1964 1878 2034 pri-

294 2087 478 2137 mum;
532 2070 655 2138 quia
703 2067 957 2136 scriptum
1004 2072 1085 2118 est
1136 2081 1148 2115 :
1197 2060 1360 2115 Erilis
1408 2069 1579 2131 gentes
1624 2061 1678 2112 in
1725 2064 1877 2126 caput

298 2160 535 2233 (Deuter.
561 2157 727 2228 xxiv).
752 2156 993 2209 Aunulus
1016 2155 1067 2208 in
1090 2168 1268 2218 manu,
1292 2150 1617 2220 sponsalium
1634 2148 1875 2216 signum;

298 2266 502 2322 sponsa
531 2264 660 2304 vero
700 2245 993 2302 secundum
1024 2243 1338 2313 Apostolum
1369 2240 1461 2296 uni
1480 2236 1604 2294 'viro
1644 2238 1878 2306 despon-

296 2352 442 2411 sata,
471 2350 724 2409 tanquam
754 2338 902 2407 virgo
928 2343 1073 2391 easta
1096 2335 1411 2397 exhibetur;
1440 2332 1802 2387 calceamenta
1826 2328 1878 2380 in

296 2433 544 2506 pedibus,
576 2440 631 2486 et
657 2430 763 2484 hoc
808 2428 875 2483 ad
902 2427 1109 2495 signum
1139 2433 1221 2480 est
1268 2424 1596 2493 nuptiarum,
1626 2419 1878 2489 quoniam

296 2538 513 2595 sponsae
541 2520 743 2576 Christi
789 2518 1096 2574 ealceantur
1141 2514 1305 2585 pedes
1350 2514 1403 2567 in
1432 2510 1877 2581 prmparationem

296 2614 579 2683 Evangelii
632 2612 799 2682 pacis.
827 2609 1039 2664 Vitulus
1084 2606 1245 2661 etiam
1290 2607 1342 2658 in
1370 2602 1618 2658 convivio
1665 2599 1881 2669 jubetur

299 2704 499 2762 occidi.
551 2702 834 2771 Saginatus
859 2699 1058 2753 vitulus
1107 2698 1221 2766 ipse
1250 2703 1333 2753 est
1385 2693 1632 2747 Salvator
1672 2696 1878 2754 noster,

300 2808 467 2864 quem
505 2790 662 2846 Pater
699 2790 868 2864 voluit
902 2785 1167 2841 immolari
1195 2800 1293 2855 pro
1320 2780 1689 2850 redemptione
1718 2791 1883 2846 gene-

300 2862 381 2941 ris
420 2883 656 2938 humani.
686 2862 839 2949 Quod
887 2887 1068 2933 autem
1096 2878 1299 2932 dictum
1344 2882 1445 2940 est,
1479 2872 1635 2927 irasci
1662 2870 1881 2924 fratrem

301 2974 563 3043 majorem
592 2987 686 3042 pro
715 2970 877 3026 fratre
901 2969 1128 3034 minore,
1153 2966 1259 3021 illic
1286 2963 1561 3019 iracundia
1582 2976 1680 3033 pro
1703 2959 1879 3014 admi-

302 3066 513 3123 ratione
534 3064 779 3139 ponitur;
810 3061 937 3131 quia
964 3059 1212 3128 antiquus
1236 3055 1503 3125 justorum
1528 3053 1759 3123 populus
1783 3052 1878 3105 ad-

1980 1880 2204 1948 sumpsit
2233 1888 2287 1934 et
2314 1879 2461 1934 dives
2487 1888 2609 1949 post
2638 1880 2924 1935 elationem
2965 1898 3115 1936 suam
3158 1884 3421 1952 condigna
3451 1894 3565 1939 tor-

1978 1977 2190 2033 menta;
2222 1968 2363 2022 unde
2391 1969 2539 2023 dives
2568 1984 2688 2024 cum
2735 1971 2938 2025 videret
2987 1971 3301 2027 Eleazarum
3346 1975 3399 2027 in
3446 1975 3565 2029 sinu

1978 2057 2207 2112 Abrahte
2236 2060 2531 2129 quiescere,
2564 2061 2869 2117 exclamans
2896 2063 3027 2116 dixit
3052 2081 3063 2116 :
3095 2063 3257 2117 Pater
3279 2065 3560 2130 Abraham,

1978 2150 2219 2202 miserere
2244 2150 2364 2214 mei,
2395 2158 2443 2202 et
2473 2152 2613 2203 mitte
2659 2150 2993 2216 Eleazarum,
3032 2161 3087 2204 ut
3132 2154 3354 2222 intingat
3394 2163 3566 2206 extre-

1978 2256 2116 2293 mum
2146 2238 2315 2310 digiti,
2348 2250 2403 2293 ut
2440 2242 2705 2311 refrigeret
2742 2243 2971 2313 linguam
3002 2260 3184 2308 meum,
3214 2246 3336 2313 quia
3369 2246 3567 2298 crucior
3664 2298 3672 2306 ,

1978 2331 2033 2384 in
2062 2330 2159 2383 hac
2183 2332 2413 2399 ﬂamma.
2442 2330 2510 2383 Et
2540 2332 2672 2385 dixit
2707 2333 2783 2385 illi
2811 2334 3072 2386 Abraham
3096 2350 3112 2386 :
3140 2333 3267 2401 Fili,
3296 2335 3567 2388 recordare

1980 2423 2100 2493 quia
2132 2424 2369 2491 recepisti
2395 2420 2528 2476 bona
2564 2424 2619 2475 in
2648 2423 2750 2476 vita
2783 2432 2888 2490 tua,
2919 2433 2966 2477 ct
3005 2424 3292 2478 Eleazarus
3333 2425 3567 2478 similiter

1979 2510 2314 2564 mala:nunc
2360 2519 2528 2564 autem
2568 2511 2649 2564 hic
2686 2513 3005 2577 consolatur,
3047 2522 3098 2565 tu
3138 2530 3253 2567 vero
3294 2514 3567 2567 cruciaris.

1981 2600 2263 2668 Qumrebat
2288 2618 2347 2657 se
2374 2602 2524 2657 dives
2552 2604 2779 2657 extremi
2806 2603 2955 2672 digiti
2987 2602 3225 2658 Eleazari
3265 2619 3387 2658 rore
3432 2619 3565 2659 con-

1983 2693 2134 2762 tingi,
2155 2701 2211 2747 et
2234 2710 2343 2749 non
2372 2694 2420 2747 ei
2451 2694 2877 2763 permittebatur,
2907 2695 3029 2763 quia
3061 2695 3319 2765 scriptum
3347 2702 3429 2749 est
3455 2712 3467 2747 :
3502 2694 3569 2748 In

1981 2793 2145 2839 morte
2169 2787 2282 2856 quis
2303 2802 2496 2840 memor
2518 2788 2583 2839 sit
2612 2788 2719 2850 tui;
2746 2787 2800 2838 in
2832 2787 3033 2855 inferno
3069 2795 3237 2839 autem
3264 2787 3375 2856 quis
3406 2786 3572 2853 conﬁ-

1987 2875 2173 2931 tebitur
2194 2876 2283 2930 tibi
2315 2877 2485 2943 (Psal.
2514 2878 2621 2945 vt)?
2651 2876 2717 2929 Et
2744 2877 2904 2931 modo
2935 2877 2978 2931 si
3007 2877 3194 2932 volunt
3220 2877 3411 2931 divites
3439 2892 3572 2930 eon-

1986 2969 2167 3024 sulant
2196 2968 2551 3038 pauperibus;
2586 2968 2785 3021 habent
2813 2975 2866 3021 et
2899 2966 3083 3022 vident
3124 2966 3405 3021 Eleazaros
3433 2966 3573 3020 mul-

1986 3067 2096 3126 tos;
2128 3075 2249 3114 cum
2281 3059 2359 3113 eis
2399 3057 2626 3113 fecerint
2666 3057 3119 3126 misericordiam,
3159 3058 3433 3117 iu,futuro
3475 3056 3575 3112 sibi

303 3156 527 3212 miratus
556 3162 640 3209 est
666 3153 1063 3223 susceptionem
1092 3148 1352 3218 gentium.
1385 3146 1453 3199 Et
1477 3145 1604 3200 licet
1626 3142 1884 3213 aliquanti
1912 3149 1958 3212 ο
1989 3158 2295 3220 pmparam
2324 3148 2623 3216 refrigeria,
2655 3149 2779 3216 quia
2817 3149 2909 3216 qui
2952 3149 3235 3203 miseretur
3273 3149 3576 3203 ιηιεετίοοιο.

303 3263 377 3305 ex
416 3248 497 3303 his
525 3262 652 3302 vere
680 3246 799 3301 irati
830 3244 955 3310 sint,
1004 3242 1057 3296 id
1098 3248 1180 3296 est
1206 3239 1391 3309 populi
1436 3236 1770 3302 Iudaeorum;
1804 3245 1884 3289 ta-

304 3354 437 3397 men
465 3338 654 3393 divinis
702 3336 982 3407 prteeeptis
1008 3331 1365 3387 admonentur
1411 3328 1611 3383 debere
1632 3327 1882 3397 gaudere,

306 3431 439 3503 quia
480 3428 758 3485 consilium
805 3423 1126 3493 indulgentis
1163 3421 1258 3475 Dei
1288 3419 1516 3486 benigne
1559 3417 1719 3471 debet
1745 3415 1887 3469 acci-

307 3536 443 3592 pere
471 3520 713 3574 humanae
765 3516 1063 3585 fragilitatis
1107 3526 1271 3584 parva
1318 3509 1697 3566 consideratio.
1748 3506 1889 3575 Ergo

308 3612 549 3681 gentium
571 3609 799 3679 populus
828 3606 894 3661 ad
920 3606 1203 3662 Dominum
1243 3618 1533 3659 conversus
1569 3598 1893 3669 jucundetur

308 3718 373 3758 se
399 3700 609 3756 Domini
639 3698 965 3767 benignitate
993 3696 1276 3759 salvatum,
1308 3706 1626 3762 semperque
1648 3688 1760 3743 Deo
1786 3687 1891 3740 Pa-

310 3795 380 3848 tri
421 3809 519 3863 per
545 3789 811 3846 ChriStum
839 3789 955 3858 ejus
983 3788 1184 3858 gratias
1213 3785 1410 3840 referat
1434 3802 1446 3837 :
1479 3784 1564 3839 cui
1594 3790 1676 3837 est
1721 3780 1891 3850 gloria

311 3886 368 3939 in
397 3884 611 3939 saecula.
648 3882 835 3936 Amen.

468 4015 626 4071 XIX.
667 4014 839 4069 Lectio
868 4013 1133 4085 Evangelii
1163 4015 1327 4067 sancti
1358 4011 1485 4066 Luc.
1520 4027 1626 4076 xvr,
1662 4010 1747 4064 l9.

386 4146 698 4202 Audivimus
724 4145 884 4201 hodie
914 4146 967 4201 in
996 4153 1183 4202 sancto
1230 4144 1520 4213 Evangelia
1560 4141 1843 4196 recitatum
1879 4156 1889 4190 :

310 4236 487 4291 Homo
526 4235 733 4306 quidam
768 4244 879 4288 erat
922 4235 1078 4299 dives,
1120 4236 1206 4304 qui
1246 4232 1555 4287 induebatur
1583 4244 1809 4299 purpura
1847 4236 1895 4281 et

310 4327 483 4398 bysso,
507 4335 555 4380 et
575 4324 878 4396 epulabatur
904 4324 1129 4394 quotidie
1148 4324 1448 4395 splendide;
1480 4331 1527 4375 et
1550 4330 1662 4375 erat
1687 4319 1898 4392 quidam

310 4418 575 4472 mendicus
596 4418 801 4471 nomine
819 4413 1121 4481 Eleazarus,
1139 4417 1222 4486 qui
1232 4414 1442 4485 jacebat
1462 4413 1532 4466 ad
1544 4413 1765 4484 januam
1783 4413 1896 4483 ejus

1986 3242 2127 3297 diam
2156 3247 2533 3308 consequetur.
2564 3237 2749 3307 Neque
2775 3238 2917 3292 enim
2940 3238 3135 3292 mereri
3158 3238 3249 3291 Dei
3274 3238 3577 3293 misericor—

1987 3330 2130 3386 diam
2156 3330 2356 3401 poterit
2391 3328 2484 3398 qui
2522 3327 2829 3381 misericors
2867 3327 2981 3396 ipse
3024 3342 3131 3380 non
3171 3325 3361 3392 luerit;
3400 3326 3576 3380 humi-

1987 3425 2185 3481 lientur
2221 3422 2391 3491 magis
2426 3421 2479 3476 in
2519 3420 2809 3492 prosperis,
2842 3419 3002 3474 elatio
3042 3417 3206 3472 habet
3279 3456 3294 3471 .
3373 3457 3388 3472 .
3468 3457 3482 3472 .
3561 3457 3575 3470 .

1993 3553 2007 3571 ⁸
2088 3555 2101 3569 ο
2180 3555 2194 3570 ι
2274 3554 2287 3567 Ι
2367 3552 2379 3565 ο
2452 3553 2466 3566 ο
2537 3552 2550 3565 Ο
2621 3551 2634 3565 ο
2705 3551 2720 3566 ο
2800 3550 2814 3562 ο
2895 3549 2908 3563 ⁸
2986 3546 3000 3561 ο
3080 3546 3095 3562 ο
3173 3546 3187 3560 θ
3268 3546 3282 3560 ο
3362 3546 3375 3559 ο
3456 3545 3471 3560 ο
3559 3546 3572 3559 ο

1992 3695 2171 3752 saaculi
2196 3693 2465 3764 prmcipue
2504 3707 2611 3747 non
2651 3690 2887 3761 superbe
2920 3704 3129 3759 sapere,
3163 3703 3336 3757 neque
3365 3701 3581 3757 sperare

1994 3788 2046 3842 iu
2073 3787 2334 3840 incertum
2358 3782 2683 3849 divitiarum,
2707 3783 2799 3837 sed
2826 3782 2877 3836 in
2911 3782 3075 3837 Deum
3104 3782 3302 3848 vivum,
3332 3780 3423 3850 qui
3446 3793 3583 3848 pra:-

1994 3886 2102 3934 stat
2122 3877 2275 3933 nobis
2304 3877 2506 3932 omnia.
2536 3874 2685 3932 Unde
2713 3874 2780 3930 ad
2810 3874 3091 3929 fruendum
3123 3874 3176 3928 in
3206 3872 3455 3944 operibus
3482 3872 3582 3925 bo-

1994 3969 2095 4035 nis,
2143 3968 2323 4038 largos
2366 3982 2513 4031 esse,
2555 3966 2739 4021 faciles
2785 3967 3051 4033 tribuere,
3100 3964 3583 4019 communicatorcs

1996 4075 2137 4126 esse,
2171 4059 2593 4112 thesaurizantes
2635 4058 2735 4111 sibi
2775 4057 3080 4111 thesaurum
3117 4056 3314 4110 bonum
3354 4055 3406 4108 in
3446 4053 3587 4109 futu-

1995 4163 2114 4203 rum
2149 4147 2307 4201 docet
2344 4146 2664 4214 Apostolus,
2693 4154 2752 4198 ut
2779 4143 3184 4213 apprchen‘dant
3212 4159 3392 4198 veram
3421 4144 3586 4197 vitam

1999 4238 2055 4309 (Ι
2083 4239 2217 4293 Tim.
2248 4239 2344 4306 v1).
2375 4235 2512 4291 Sunt
2556 4235 2709 4290 multi
2759 4235 2972 4302 divites,
3021 4242 3078 4288 et
3116 4249 3222 4287 non
3273 4233 3586 4301 culpabiles,

1997 4330 2089 4402 qui
2129 4344 2236 4385 non
2266 4327 2369 4384 sibi
2408 4326 2559 4393 solis,
2589 4327 2685 4382 sed
2729 4327 2914 4381 multis
2957 4325 3157 4380 habere
3197 4324 3442 4379 videntur
3469 4339 3587 4392 qua:

1997 4422 2294 4495 possident,
2328 4419 2512 4473 multis
2550 4419 2637 4488 pie
2679 4418 2977 4486 largiuntur
2996 4460 3012 4485 ,
3036 4416 3219 4471 multis
3245 4416 3381 4470 bene
3407 4414 3589 4470 distri-

307 4510 565 4562 ulceribus
592 4509 793 4578 plenus,
822 4508 1032 4577 cupiens
1061 4509 1287 4560 saturari
1317 4507 1379 4559 de
1408 4507 1550 4559 micis
1590 4522 1705 4578 qua:
1747 4506 1899 4558 cade—
1926 4507 1974 4567 D
2000 4517 2190 4571 buunt.
2216 4513 2310 4568 me
2340 4520 2423 4567 εει
2450 4526 2578 4566 νει-ε
2623 4511 2771 4566 dives
2801 4509 2895 4564 Dei
2924 4510 3014 4580 qui
3043 4508 3134 4564 da;
3160 4507 3382 4578 pauperi
3408 4505 3583 4575 suspi-

308 4600 437 4652 bant
458 4599 519 4653 de
543 4615 716 4652 mensa
743 4599 929 4651 divitis.
955 4596 1061 4652 Sed
1092 4607 1141 4651 et
1168 4614 1321 4651 canes
1348 4597 1636 4661 veniebant,
1665 4607 1713 4650 et
1734 4598 1898 4665 linge-

308 4689 437 4741 bant
464 4688 636 4741 ulcera
655 4690 784 4757 ejus.
809 4686 1027 4741 Factum
1055 4697 1129 4741 est
1158 4696 1322 4741 autem
1356 4695 1411 4740 ut
1446 4696 1729 4741 moreretur
1758 4702 1897 4738 men-

309 4779 475 4843 dicas,
502 4788 553 4831 et
579 4787 870 4847 portaretur
898 4778 962 4831 ab
987 4780 1183 4849 angelis
1214 4779 1266 4831 in
1290 4780 1457 4831 sinum
1479 4776 1721 4830 Abrahce.
1754 4774 1901 4827 Mor-

310 4879 429 4922 tuus
458 4877 531 4923 est
557 4878 723 4921 autem
752 4879 798 4922 et
819 4870 974 4934 dives,
1005 4880 1051 4922 et
1079 4871 1304 4940 sepultus
1333 4879 1407 4924 est
1435 4873 1487 4924 in
1516 4873 1740 4940 inferno.
1782 4868 1901 4920 Ele-

310 4977 437 5014 vans
468 4970 635 5012 autem
670 4960 841 5012 oculos
881 4976 998 5013 suos
1041 4977 1153 5013 cum
1194 4971 1325 5013 esset
1360 4961 1415 5013 in
1453 4961 1745 5024 tormentis,
1778 4959 1901 5012 titlit

310 5051 579 5104 Abraham
608 5067 638 5101 a
671 5052 839 5121 longe,
880 5059 927 5103 et
970 5050 1276 5103 Eleazarum
1312 5052 1365 5103 in
1404 5052 1517 5103 sinu
1548 5052 1769 5120 ejus;et
1794 5052 1901 5119 ipse

311 5144 549 5197 clamans
569 5143 699 5195 dixit
724 5159 739 5195 :
767 5143 925 5196 Pater
946 5144 1227 5210 Abraham,
1254 5146 1495 5197 miserere
1535 5146 1654 5208 mei,
1686 5154 1734 5196 et
1763 5144 1904 5195 mitte

312 5232 650 5300 Eleazarum,
676 5242 731 5284 ut
760 5234 981 5303 intingat
1014 5241 1299 5287 extremum
1321 5233 1471 5304 digiti
1500 5234 1579 5286 sui
1607 5234 1661 5286 in
1696 5250 1901 5300 aquam,

312 5336 367 5381 et
386 5326 654 5397 refrigeret
674 5325 904 5395 linguam
925 5342 1113 5392 nteant,
1130 5326 1250 5396 quia
1271 5326 1471 5379 crucior
1488 5326 1541 5378 in
1559 5325 1655 5377 hac
1670 5326 1899 5395 ﬂamma.

316 5415 389 5469 Et
421 5416 550 5469 dixit
580 5415 655 5468 illi
683 5414 943 5469 Abraham
981 5432 998 5468 :
1033 5415 1161 5481 Fili,
1198 5416 1469 5469 recordare
1514 5417 1637 5487 quia
1672 5417 1903 5485 recepisti

317 5509 457 5563 bona
494 5510 549 5561 in
589 5510 693 5561 vita
724 5516 831 5573 tua,
868 5516 916 5561 et
952 5507 1236 5562 Eleazarus
1271 5508 1507 5562 similiter
1544 5508 1684 5561 mala
1723 5524 1739 5561 :
1770 5524 1905 5560 nunc

319 5610 495 5654 autem
524 5600 605 5651 hic
625 5599 941 5666 consolatur,
966 5610 1018 5653 tu
1039 5618 1153 5655 vero
1174 5602 1441 5654 cruciaris.
1466 5600 1532 5653 Et
1558 5603 1610 5654 in
1641 5602 1721 5654 his
1743 5600 1907 5654 omni-

324 5692 414 5747 bus
443 5692 578 5747 inter
618 5707 710 5748 nos
747 5704 797 5748 et
836 5707 922 5747 ros
961 5692 1117 5747 chaos
1144 5708 1381 5766 magnum
1414 5694 1680 5761 ﬁrmatum
1716 5700 1791 5746 est
1803 5707 1824 5753 ;
1854 5703 1908 5743 ut

1998 4605 2161 4671 ranti,
2195 4611 2251 4659 et
2280 4618 2386 4657 non
2414 4601 2666 4657 histrioni
2692 4600 2928 4655 saltanti.
2959 4599 3095 4654 Sunt
3122 4599 3275 4653 multi
3314 4597 3503 4651 divites
3530 4608 3583 4651 ct

1999 4695 2259 4766 episcopi,
2286 4702 2339 4747 et
2363 4692 2685 4764 presbyteri,
2713 4700 2767 4746 et
2795 4692 3077 4755 diacones;
3108 4690 3205 4745 sed
3232 4689 3443 4743 divitias
3471 4703 3593 4742 suas

1999 4788 2093 4858 qui
2121 4786 2257 4840 bene
2282 4784 2581 4854 dispensat,
2604 4799 2705 4839 nec
2726 4782 2951 4836 luxuriae
2972 4782 3203 4852 culpam,
3230 4796 3331 4834 nec
3358 4780 3594 4834 criminis

2002 4888 2206 4942 notam,
2239 4892 2338 4932 nec
2366 4876 2725 4930 damnationis
2751 4875 2950 4945 poterit
2984 4874 3181 4927 habere
3210 4887 3443 4942 pmnam.
3476 4869 3594 4924 Uti-

2001 4986 2106 5040 que
2135 4970 2254 5024 ideo
2297 4969 2610 5038 aliquantos
2649 4968 2787 5021 Deus
2816 4966 3007 5020 divites
3036 4978 3151 5020 esse
3179 4963 3372 5030 voluit,
3402 4970 3459 5015 ut
3489 4961 3596 5015 sint

2004 5060 2094 5131 qui
2125 5060 2448 5131 pauperibus
2477 5060 2744 5123 tribuant;
2767 5064 2821 5111 et
2844 5057 2964 5111 ideo
2984 5068 3246 5125 pauperes
3267 5054 3425 5125 775
3448 5052 3595 5120 fecit,

2006 5160 2065 5205 ut
2101 5167 2132 5205 a
2179 5151 2435 5205 divitibus
2484 5149 2783 5204 necessaria
2830 5153 3061 5205 sumant.
3112 5143 3405 5198 Consilium
3452 5143 3593 5197 enim

2007 5243 2103 5297 Del
2130 5242 2183 5296 in
2214 5241 2466 5297 omnibus
2497 5247 2739 5293 sanctum
2763 5245 2864 5301 est,
2888 5252 2983 5305 per
3010 5235 3187 5290 omnia
3214 5233 3595 5294 venerandum,

2010 5349 2332 5403 semperque
2359 5329 2681 5385 laudandum
2709 5347 2720 5381 :
2754 5327 2854 5399 ipsi
2882 5328 2993 5382 Deo
3020 5325 3165 5381 Patri
3196 5341 3409 5395 semper
3431 5323 3599 5393 gloria

2012 5425 2064 5478 in
2095 5424 2307 5478 smcula.
2336 5421 2521 5476 Amen.

2013 5513 2137 5567 XX.
2179 5512 2309 5566 Item
2347 5512 2409 5564 de
2444 5510 2657 5564 lectione
2698 5508 2862 5560 sancti
2893 5504 3161 5577 Evangelii
3205 5504 3371 5558 Marc.
3405 5518 3512 5563 vm,
3547 5501 3599 5556 5.

2085 5602 2241 5669 Ecce,
2274 5601 2465 5669 inquit,
2511 5600 2641 5652 exiit
2686 5598 2945 5651 seminans
2991 5597 3266 5660 seminare,
3311 5604 3411 5648 etc.
3445 5592 3602 5645 Venit

2016 5694 2273 5750 Dominus
2298 5691 2450 5747 Jesus
2483 5691 2533 5747 in
2564 5688 2820 5745 mundum
2867 5688 3046 5744 exiens
3089 5701 3117 5739 ε
3164 5685 3321 5739 Patre
3354 5688 3489 5757 ipso,
3518 5679 3600 5732 di—
