4138 6196
591 376 701 439 δτι

1825 367 1883 425 S.
1925 365 2167 423 MAXIM
2206 365 2666 430 TAURINENSIS

3764 372 3885 431 828

592 506 760 551 cens:
793 488 906 561 Ego
929 505 961 544 a
981 486 1144 542 Patre
1161 486 1315 552 exiri,
1337 494 1386 539 et
1411 482 1524 539 mi
1551 484 1606 539 in
1634 484 1767 538 hunc
1788 483 2063 547 mundum;
2084 485 2183 537 ite-
2211 482 2258 545 Δ
2285 483 2543 554 loquitur,
2571 484 2795 540 verbum
2833 482 3097 552 seminat,
3128 490 3185 540 et
3210 481 3370 540 sicuti
3398 494 3616 545 semen,
3649 482 3766 537 dum
3792 483 3890 554 ja-

591 600 707 639 rttm
733 582 966 651 relinquo
990 578 1261 645 mundum,
1283 585 1333 631 et
1358 576 1488 631 vado
1509 576 1579 629 ad
1604 575 1818 630 Patrem
1839 572 2018 647 (Joan.
2046 574 2176 646 xvt).

592 675 732 745 Ergo
759 672 828 728 de
854 686 914 727 se
941 671 1017 725 ait
1047 688 1060 723 :
1094 667 1229 723 Ecce
1265 668 1395 723 exiit
1432 668 1696 721 seminans
1730 667 2007 721 seminare.
2038 664 2183 718 Exiit

592 767 777 833 itaque
809 771 870 817 ut
895 760 1189 819 seminaret
1219 758 1273 814 in
1301 758 1502 813 mundo
1537 756 1905 828 Evangelium,
1931 765 1991 811 nt
2014 756 2180 811 semi-

591 860 747 909 naret
773 850 955 917 fidem,
980 850 1265 921 justitiam,
1290 849 1597 914 veritatem,
1622 862 1829 918 pacem,
1856 847 2180 915 castitatem,

591 943 972 1006 humilitatem,
1001 947 1334 1009 tmterasque
1359 939 1604 994 virtutes.
1635 937 1703 992 Et
1728 937 1975 993 diabolus
2014 953 2180 994 econ-

591 1039 758 1094 trario
786 1036 1054 1093 seminare
1083 1034 1246 1104 coepit
1271 1048 1391 1100 sua,
1420 1031 1471 1087 id
1502 1039 1587 1087 est
1613 1030 1935 1101 superbiam,
1965 1030 2181 1085 iracun-

590 1133 755 1198 diam,
785 1128 1299 1199 concupiscentiam,
1349 1122 1654 1190 homicidia,
1690 1121 1970 1190 adulteria,
2018 1119 2178 1185 furta,

589 1230 895 1290 caeteraque
924 1220 1071 1284 vitia,
1111 1232 1233 1287 quae
1259 1218 1313 1271 in
1337 1215 1531 1270 divinis
1559 1214 1751 1269 litteris
1777 1213 1981 1267 zizania
2011 1211 2184 1267 nomi-

592 1320 806 1367 nantur.
848 1310 983 1366 Cum
1030 1309 1173 1363 enim
1210 1306 1450 1362 dicerent
1494 1305 1741 1373 discipuli
1783 1305 1849 1358 ad
1899 1304 2182 1359 Dominum

588 1401 810 1456 Iesum:
843 1397 1036 1454 Nonne
1069 1398 1257 1453 bonum
1296 1412 1468 1450 semen
1505 1397 1769 1450 seminasti
1805 1395 1859 1449 in
1894 1411 2021 1466 agro
2060 1395 2186 1450 tuo?

589 1493 728 1547 unde
754 1506 877 1563 ergo
905 1488 1055 1544 habet
1081 1488 1321 1542 zizania?
1340 1485 1427 1540 Ait
1454 1485 1705 1541 Salvator
1728 1504 1741 1539 :
1771 1486 2011 1539 inimicus
2032 1485 2183 1540 Itomo

590 1584 687 1637 hoc
716 1584 837 1655 fecit
867 1580 1082 1654 (Matth.
1110 1579 1253 1650 xm);
1286 1579 1459 1649 ipsum
1486 1578 1671 1633 dicens
1703 1577 1974 1633 inimicum
2004 1576 2182 1632 homi-

592 1675 676 1730 nis
697 1674 989 1740 diabolum,
1016 1672 1109 1742 qui
1139 1670 1446 1725 inimicitias
1471 1670 1612 1725 inter
1638 1666 1807 1724 Deum
1835 1675 1891 1724 et
1916 1668 2180 1735 homines,

590 1763 644 1819 id
685 1770 770 1817 est
813 1769 1035 1832 peccata
1078 1759 1334 1826 immittit,
1369 1758 1563 1829 quibus
1608 1765 1824 1829 separet
1867 1757 2114 1814 homines
2150 1772 2183 1813 a

2283 584 2457 632 ctatur
2483 577 2537 633 in
2566 584 2728 644 terra,
2757 576 2960 634 cmlesti
3004 574 3175 631 imbre
3210 570 3483 647 perfusum
3523 574 3799 629 radientur
3825 586 3890 634 et

2282 666 2477 723 crescit
2523 666 2577 722 in
2623 667 2874 722 cordibus
2916 667 3278 736 singulorum;
3319 673 3377 721 et
3415 665 3539 722 inde
3576 665 3890 724 elliciuntur

2279 758 2485 815 fructus
2513 759 2586 814 illi
2610 759 2701 829 qui
2730 760 2857 814 dicti
2896 767 3019 815 sunt
3046 758 3343 813 voluntatis
3371 758 3545 825 bonae,
3577 765 3633 813 et
3659 756 3883 829 trigesi-

2281 851 2375 918 mi,
2406 858 2461 906 et
2487 851 2827 919 sexagesimi,
2862 858 2917 904 et
2944 848 3247 905 centesimi.

2352 941 2514 996 XXI.
2549 942 2685 997 Item
2714 942 2777 995 de
2804 941 3022 996 lectione
3047 940 3362 1029 evangelica.
3393 938 3561 993 Marc.
3591 950 3682 1004 vn,
3712 938 3806 995 '25.

2356 1034 2655 1108 Ingressus,
2684 1034 2876 1104 inquit,
2908 1032 3162 1088 Dominus
3189 1030 3345 1086 Iesus
3367 1032 3418 1085 in
3447 1031 3677 1098 domum,
3709 1032 3884 1087 nenti-

2282 1144 2400 1183 nem
2428 1126 2584 1182 voluit
2602 1128 2755 1192 scire,
2784 1133 2834 1179 et
2862 1140 2966 1179 non
2999 1124 3166 1194 potuit
3205 1122 3383 1185 latere,
3414 1130 3519 1177 ctc.
3564 1122 3746 1177 Primo
3773 1123 3887 1178 hoc

2283 1219 2684 1275 consideremus
2702 1217 2827 1288 quid
2847 1223 2931 1273 est
2949 1217 3073 1282 hoc,
3098 1215 3290 1270 fratres
3316 1234 3328 1268 :
3359 1214 3656 1286 Ingressus,
3679 1214 3884 1282 inquit,

2289 1308 2537 1365 Dominus
2557 1310 2611 1364 in
2636 1310 2864 1376 domum,
2888 1309 3144 1361 neminem
3168 1306 3325 1361 voluit
3345 1306 3496 1371 scire,
3522 1316 3570 1359 et
3589 1322 3692 1360 non
3715 1306 3888 1375 potuit

2284 1400 2462 1461 latere.
2488 1403 2546 1460 Si
2574 1404 2719 1459 enim
2744 1402 3016 1458 neminem
3042 1400 3213 1456 voluit
3240 1400 3400 1467 scire,
3429 1414 3526 1453 cur
3552 1414 3657 1452 non
3701 1399 3884 1468 potuit

2285 1494 2487 1551 latere?
2516 1492 2711 1564 Utique
2733 1492 2989 1547 Dominus
3008 1492 3086 1545 sic
3110 1506 3169 1546 se
3199 1507 3305 1546 non
3335 1489 3451 1543 vult
3480 1488 3793 1551 ostendere,
3825 1496 3885 1540 ιιι

2284 1592 2465 1641 tamen
2492 1585 2628 1640 nolit
2668 1599 2728 1639 se
2766 1566 2954 1639 latere.
2997 1580 3241 1652 Nunquid
3271 1580 3412 1635 enim
3441 1579 3564 1648 quia
3594 1584 3742 1632 nunc
3772 1594 3881 1630 non

2284 1676 2499 1733 videtur
2526 1675 2695 1732 oculis
2723 1675 2922 1730 nostris
2948 1672 3129 1729 divina
3157 1671 3475 1735 substantia,
3518 1669 3633 1724 ideo
3666 1668 3829 1722 abest
3854 1684 3885 1721 a

2288 1768 2461 1835 nobis,
2494 1776 2586 1822 aut
2612 1782 2719 1822 non
2750 1766 2861 1822 vult
2898 1764 3087 1820 adesse
3118 1761 3304 1817 nobis?
3346 1758 3465 1831 Ipse
3508 1760 3646 1814 enim
3694 1758 3884 1812 lumen

592 1853 723 1908 Deo.
756 1848 874 1921 Ipse
910 1865 1139 1919 namque
1168 1857 1223 1903 et
1250 1849 1455 1918 primos
1482 1846 1603 1902 illos
1631 1847 1902 1916 homines,
1932 1845 2099 1902 Adam
2129 1856 2186 1904 et

2295 1858 2523 1915 scientiae
2549 1872 2660 1913 sua:
2684 1855 2932 1912 omnibus
2957 1853 3205 1917 infundit,
3229 1853 3319 1923 qui
3346 1859 3429 1906 est
3454 1851 3628 1905 lumen
3661 1865 3883 1915 verum,

592 1942 780 2008 Evam,
820 1941 875 1995 in
915 1940 1167 2010 paradiso
1211 1937 1551 2002 constitutos,
1595 1936 1814 1992 lubricis
1857 1938 2085 1993 nexibus
2129 1939 2186 1993 in

2295 1948 2593 2004 illuminans
2619 1961 2833 2001 omnem
2857 1944 3132 2000 hominem
3151 1943 3459 1997 venientem
3481 1942 3532 1994 in
3551 1939 3699 1993 hunc
3721 1955 3885 1992 mm:-

589 2033 857 2103 serpentis
882 2030 1055 2087 forma
1083 2036 1339 2094 mutatus,
1368 2027 1615 2097 alloquiis
1637 2027 1791 2098 quasi
1815 2027 2049 2085 hominis
2076 2028 2185 2084 cir-

2295 2038 2436 2094 dum.
2468 2037 2745 2107 Ingressus
2772 2044 2857 2091 est
2900 2034 3140 2101 domum,
3187 2031 3283 2088 sed
3322 2046 3424 2087 nec
3454 2032 3510 2085 in
3536 2030 3759 2101 publico
3789 2028 3884 2083 de-

589 2122 881 2191 cumvenit,
911 2130 967 2177 et
992 2121 1154 2177 rudes
1180 2119 1390 2173 animas
1428 2117 1642 2173 incauta
1681 2117 1997 2173 credulitate
2025 2117 2187 2173 dece-

2295 2127 2417 2197 l'uit;
2448 2139 2564 2186 erat
2585 2130 2640 2185 in
2660 2143 2907 2201 corpore,
2932 2127 3026 2183 sed
3050 2142 3158 2181 non
3183 2124 3371 2181 deerat
3398 2122 3567 2190 cmlo;
3597 2122 3888 2176 videbatur

593 2218 689 2289 pit.
721 2215 840 2288 Ipse
867 2223 923 2270 et
945 2230 1090 2271 nunc
1115 2227 1309 2284 pravas
1331 2212 1686 2283 cogitationes
1714 2211 1973 2279 immittit,
2005 2226 2190 2268 secum

592 2324 810 2367 arsuras
838 2309 891 2365 in
915 2308 1117 2380 judicio
1144 2305 1361 2362 Christi.
1392 2305 1459 2360 Et
1487 2306 1610 2361 ideo
1630 2304 2054 2371 consideremus,
2083 2304 2193 2359 fra-

594 2410 729 2469 tres,
752 2401 960 2456 semina
989 2398 1203 2454 Domini
1228 2396 1355 2452 Jesu
1396 2395 1617 2463 Chiisti,
1649 2401 1705 2451 et
1740 2395 1946 2471 semina
1989 2396 2192 2451 inimici

594 2488 815 2546 diaboli.
858 2486 994 2543 Cum
1033 2487 1177 2541 enim
1206 2485 1399 2541 viderit
1422 2486 1788 2556 unusquisque
1815 2485 1870 2540 in
1902 2485 2065 2541 corde
2092 2502 2191 2542 suo

596 2577 894 2636 ascendere
932 2579 1288 2648 cogitationes
1326 2585 1383 2633 et
1424 2575 1691 2633 desideria
1719 2577 1955 2648 pietatis,
1984 2578 2193 2634 miscri-

596 2671 816 2736 cordizc,
844 2669 1181 2734 humilitatis,
1212 2667 1493 2733 castitatis,
1522 2667 1812 2738 patientia,
1843 2676 2191 2723 cancrorum-

597 2776 705 2832 que
730 2760 1015 2825 bonorum,
1038 2760 1177 2814 sciat
1199 2758 1406 2814 semina
1434 2773 1554 2814 esse
1582 2756 1799 2814 Christi.
1821 2755 1878 2814 Si
1898 2772 2030 2815 vero
2048 2759 2194 2814 desi-

598 2851 809 2910 derium
836 2850 1107 2919 adulterii,
1129 2850 1519 2916 fornicationis,
1550 2850 1697 2916 iurti,
1726 2848 1946 2917 fraudis,
1970 2858 2194 2906 (cetero-

492 2982 505 3001 .
599 2956 828 3012 rumque
857 2941 1144 3009 malorum,
1174 2940 1437 3008 intelligat
1462 2941 1668 2996 semina
1704 2955 1825 2995 esse
1865 2940 2077 2995 diaboli.
2126 2939 2195 2995 Et

601 3036 725 3092 ideo
750 3040 906 3106 paret
932 3047 1030 3089 cor
1054 3048 1210 3087 suum
1239 3032 1372 3101 Deo,
1400 3039 1455 3087 et
1481 3047 1591 3087 non
1619 3032 1854 3097 diabolo,
1885 3032 2026 3088 sicut
2064 3031 2197 3089 dicit

601 3125 868 3198 propheta
896 3124 952 3179 in
980 3120 1209 3179 Psalmis
1237 3140 1250 3177 :
1282 3123 1538 3177 Paratum
1567 3139 1655 3177 cor
1682 3137 1873 3190 meum,
1903 3119 2065 3189 Deus,
2095 3138 2192 3194 pa-

2292 2402 2358 2461 de
2371 2420 2478 2476 quo
2492 2401 2728 2474 loquitur
2743 2402 2796 2456 in
2813 2400 3018 2473 psalmo
3041 2415 3135 2470 per
3148 2396 3468 2469 prophetam
3482 2394 3642 2449 David
3659 2394 3887 2450 dicens:

2295 2474 2401 2563 Qui
2420 2494 2649 2550 extendit
2675 2496 2855 2547 cazlum
2881 2499 2935 2544 ut
2959 2490 3163 2561 pellem,
3188 2489 3272 2560 qui
3297 2488 3461 2558 tetigit
3480 2488 3533 2540 in
3555 2485 3705 2556 aquis
3733 2501 3889 2555 supe-
3958 2474 3963 2477 ’

2292 2588 2435 2643 riora
2455 2586 2596 2659 ejus;
2618 2585 2704 2658 qui
2722 2584 2866 2655 ponit
2887 2580 3044 2636 nubes
3072 2596 3338 2635 ascensum
3358 2595 3525 2643 suum,
3547 2577 3625 2648 qni
3647 2574 3888 2628 ambulat

2293 2694 2447 2748 super
2465 2693 2661 2748 pennas
2680 2684 2961 2738 ventorum,
2978 2672 3065 2743 qui
3079 2672 3205 2743 facit
3225 2670 3435 2742 angelos
3451 2685 3566 2722 suos
3582 2667 3825 2736 spiritus,
3840 2676 3890 2720 et

2296 2771 2453 2842 777
2486 2770 2749 2824 ministros
2775 2782 2895 2823 suos
2924 2766 3093 2837 ignem
3120 2771 3350 2817 urentem
3374 2761 3544 2832 (Psal.
3569 2762 3705 2828 ctn).
3742 2758 3889 2828 Ergo

2296 2860 2411 2931 ipse
2439 2866 2524 2914 est
2548 2858 2641 2927 qui
2669 2872 2790 2913 cum
2827 2854 2985 2910 Patre
3014 2852 3253 2910 condidit
3280 2850 3555 2906 mundum.
3592 2846 3774 2914 Venit,
3804 2850 3890 2904 in-

2295 2950 2432 3023 quit,
2462 2948 2530 3005 ad
2556 2964 2678 3004 eum
2722 2946 2960 3019 quwdam
3001 2944 3183 3022 mulier
3230 2941 3643 3014 Syropluenissa,
3699 2957 3890 3011 genere

2295 3040 2523 3115 gentilis,
2553 3049 2603 3094 et
2631 3038 2848 3110 rogabat
2887 3054 3001 3091 eum
3038 3045 3094 3089 ut
3136 3034 3449 3089 dwmonium
3475 3033 3679 3104 ejiceret
3710 3049 3747 3085 α
3778 3032 3890 3103 ﬁlia

2295 3133 2409 3205 ejus
2439 3130 2632 3204 (Marc.
2656 3146 2749 3196 vtt,
2783 3127 2897 3200 25).
2943 3124 3067 3181 Ilaec
3094 3125 3303 3189 mulier,
3337 3132 3395 3178 ut
3424 3121 3721 3177 secundum
3756 3121 3889 3177 alie-

603 3227 777 3273 ratum
804 3233 892 3273 cor
918 3231 1118 3281 meum;
1153 3216 1399 3283 cantabo,
1435 3222 1486 3268 et
1532 3213 1755 3285 psallam
1798 3214 1886 3268 tibi
1923 3214 1977 3267 in
2029 3214 2192 3286 gloria

2298 3224 2502 3295 gOriam
2526 3223 2788 3288 dicamus,
2811 3230 2867 3277 et
2905 3234 3057 3276 error
3086 3226 3205 3274 erat
3242 3216 3476 3288 gentilis,
3497 3223 3551 3270 et
3579 3213 3890 3283 ignorantia

606 3321 695 3367 tua
736 3310 917 3383 (Psal.
960 3309 1116 3379 va);
1161 3314 1324 3378 prout
1374 3306 1587 3377 suscepi
1621 3306 1825 3362 semina
1849 3303 2190 3375 iustiﬁcatio—

606 3417 733 3461 num
764 3411 993 3470 tuarum,
1024 3400 1120 3456 tibi
1146 3399 1315 3456 offero
1343 3396 1517 3453 laudis
1544 3398 1748 3453 lructus
1775 3405 1830 3452 et
1860 3396 2196 3453 benedictio-

605 3497 709 3552 nis.
737 3495 890 3561 Ecce,
924 3495 1115 3565 inquit,
1146 3494 1272 3548 exiit
1293 3493 1553 3547 seminans
1575 3492 1866 3557 seminare;
1895 3498 1945 3546 et
1973 3491 2096 3545 dum
2115 3507 2197 3546 se—

602 3590 786 3655 minat,
815 3585 961 3641 aliud
978 3585 1161 3641 cecidit
1175 3586 1331 3657 juxta
1353 3584 1507 3649 viam,
1531 3582 1675 3637 aliud
1706 3584 1762 3637 in
1789 3584 2028 3650 petrosis,
2052 3582 2196 3636 aliud

602 3681 658 3734 in
684 3679 881 3750 spinis,
921 3677 1067 3732 aliud
1103 3678 1160 3731 in
1202 3685 1393 3730 terram
1434 3673 1642 3729 bonam.
1690 3672 1835 3728 Illud
1871 3673 2008 3745 quod
2039 3674 2198 3745 juxta

602 3771 758 3837 viam,
790 3770 1000 3824 reniunt
1028 3767 1278 3835 volucres,
1309 3777 1359 3822 et
1379 3768 1621 3839 auferunt
1642 3766 1793 3820 illud.
1823 3764 1925 3833 Qui
1950 3782 2061 3821 non
2080 3781 2196 3820 am-

602 3860 751 3917 bulat
778 3859 831 3914 in
861 3859 968 3922 via,
996 3873 1117 3928 quae
1142 3866 1227 3925 est
1250 3856 1516 3924 Christus,
1558 3856 1671 3927 ipse
1698 3864 1851 3911 extra
1877 3857 2018 3911 viam
2046 3857 2195 3927 posi-

605 3958 692 4006 tus
719 3963 826 4004 non
856 3948 1057 4018 poterit
1099 3947 1155 4000 in
1201 3961 1261 4000 se
1304 3946 1505 4000 habere
1542 3959 1728 4000 semen
1766 3945 1915 3999 verbi
1943 3945 2070 4013 Dei;
2100 3946 2197 4002 sed

605 4040 813 4110 rapitur
837 4053 870 4093 a
896 4036 1226 4105 volucribus,
1257 4035 1311 4091 id
1339 4044 1422 4091 est
1450 4036 1518 4091 ab
1540 4035 1784 4092 erraticis
1806 4036 1967 4109 776
1992 4036 2195 4108 spiriti-

498 4146 503 4161 ι
605 4133 727 4189 bus.
765 4129 869 4199 Qui
905 4143 1037 4186 vero
1073 4138 1345 4201 petrosam
1377 4128 1538 4185 habet
1575 4137 1833 4195 mentem,
1860 4130 1913 4185 id
1940 4138 2024 4186 est
2050 4130 2197 4186 duri-

606 4225 756 4290 tiam,
777 4221 1002 4294 perfidia
1021 4229 1319 4288 oneratam,
1343 4219 1551 4277 radices
1574 4222 1631 4276 in
1656 4236 1715 4277 se
1744 4238 1850 4278 non
1882 4230 2030 4279 tenet
2048 4225 2197 4280 verbi

606 4312 731 4380 Dei;
754 4311 853 4368 sed
891 4311 1000 4368 cito
1037 4310 1254 4376 arescit,
1285 4311 1409 4380 quia
1447 4309 1651 4365 fructus
1678 4311 1896 4377 stabiles
1922 4311 1991 4367 de
2018 4313 2197 4368 cordis

605 4402 796 4459 intimo
824 4416 932 4457 non
958 4401 1223 4472 producit.
1250 4399 1350 4467 Qui
1373 4410 1553 4456 autem
1584 4401 1637 4456 in
1665 4403 1851 4472 spinis,
1884 4412 2198 4473 angustatur

605 4496 884 4568 spinarum
912 4495 1200 4561 densitate,
1229 4494 1333 4549 hoc
1362 4502 1445 4549 est
1469 4494 1670 4549 aculeis
1692 4495 2079 4564 cogitationum
2107 4512 2200 4553 sae-

2299 3319 2539 3386 antiqua,
2570 3330 2689 3385 quae
2709 3322 2968 3384 genuerat
2998 3312 3160 3366 tiliam
3178 3308 3414 3364 dannoni
3435 3308 3754 3372 obnoxiam,
3787 3304 3890 3361 mi-

2296 3421 2475 3462 seram
2500 3414 2555 3461 et
2583 3402 2848 3460 inﬁrmam
2897 3401 3228 3473 progeniem,
3259 3414 3377 3469 qua:
3408 3415 3513 3454 non
3542 3398 3787 3452 habebat
3814 3398 3889 3451 vi-

2297 3500 2473 3563 rilem,
2504 3497 2557 3553 id
2585 3506 2667 3553 est
2691 3497 2883 3552 fortem
2915 3496 2968 3551 in
2998 3493 3099 3548 fide
3144 3508 3381 3557 sensum,
3423 3490 3516 3547 sed
3560 3489 3613 3544 in
3655 3490 3891 3560 perﬁda

2299 3589 2519 3646 ﬂuxum.
2569 3589 2909 3646 Concurrcns
2956 3588 3069 3642 haec
3108 3585 3301 3640 mulier
3342 3584 3409 3639 ad
3451 3584 3740 3639 Dominum
3770 3596 3889 3638 cum

2298 3688 2516 3749 rogaret
2558 3695 2702 3744 eum,
2741 3679 2816 3733 ait
2861 3678 3153 3733 Salvator:
3187 3672 3311 3730 Non
3356 3683 3431 3728 cst
3477 3673 3659 3728 bonum
3715 3674 3894 3727 tollere

2297 3790 2483 3844 panem
2511 3772 2738 3843 ﬁliomm
2766 3780 2815 3824 et
2842 3769 2969 3823 dare
3009 3768 3241 3823 canibus.
3274 3767 3340 3819 At
3381 3765 3472 3819 illa
3511 3764 3814 3834 respondit,
3847 3773 3895 3818 et

2300 3865 2432 3917 dixit
2457 3880 2475 3917 :
2507 3861 2703 3926 Etiam,
2736 3858 2994 3924 Domine;
3024 3875 3146 3912 nam
3179 3866 3228 3912 et
3255 3857 3426 3911 catelli
3464 3858 3618 3908 edunt
3643 3854 3713 3907 de
3745 3853 3895 3908 micis

2299 3969 2413 4021 qua:
2441 3952 2633 4006 cadunt
2655 3952 2719 4006 de
2746 3966 2924 4005 mensa
2952 3949 3150 4003 domini
3177 3949 3256 4002 sui
3279 3945 3471 4019 (Marc.
3499 3946 3611 4016 vn).
3641 3945 3895 4001 Similem

2300 4061 2359 4102 se
2387 4044 2595 4101 catellis
2621 4043 2689 4098 ad
2716 4056 2955 4099 mensam
2977 4040 3316 4097 dominorum
3337 4036 3724 4110 suspirantium
3745 4053 3896 4092 com-

2300 4136 2531 4207 paravit.
2555 4134 2671 4190 Non
2699 4148 2759 4189 se
2789 4140 2994 4189 tantum
3019 4131 3239 4188 domino
3259 4129 3577 4195 humiliavit,
3602 4126 3699 4182 sed
3726 4128 3893 4182 etiam

2301 4227 2581 4283 ad'servos
2609 4234 2664 4281 ct
2691 4222 2830 4280 ﬁlios
2860 4223 3084 4289 domini,
3132 4238 3251 4279 sese
3294 4222 3487 4277 catulis
3531 4222 3892 4289 comparavit.

2300 4315 2368 4371 Et
2397 4317 2652 4372 Dominus
2682 4314 2748 4369 ad
2777 4330 2895 4370 eam
2924 4333 2938 4368 :
2981 4314 3142 4381 Vade,
3175 4313 3366 4385 inquit,
3396 4321 3601 4384 propter
3621 4310 3767 4363 hunc
3787 4327 3895 4364 ser-

2300 4424 2503 4463 monem
2529 4406 2689 4463 exibit
2716 4407 3028 4462 dmonium
3055 4406 3119 4459 de
3146 4405 3259 4476 ﬁlia
3289 4414 3397 4458 tua.
3424 4400 3583 4456 thes
3610 4413 3748 4467 ergo
3770 4402 3895 4470 quia

2301 4500 2347 4557 si
2374 4500 2602 4570 quisque
2629 4498 2698 4554 de
2721 4497 3033 4570 gentilitatis
3053 4510 3239 4552 errore
3267 4493 3473 4550 venerit
3500 4491 3567 4547 ad
3591 4490 3895 4553 Christum,

606 4588 892 4656 cularlum,
915 4600 1036 4656 qua:
1055 4584 1361 4655 deprimunt
1379 4585 1623 4652 verbum,
1648 4592 1704 4640 et
1723 4586 1861 4642 el'lici
1889 4603 1996 4642 non
2021 4594 2201 4659 potest
2228 4605 2281 4666 ι)
2304 4600 2360 4649 et
2377 4606 2502 4648 eum
2531 4589 2809 4659 agnoverit
2833 4588 3119 4643 Dominum
3148 4593 3309 4655 atque
3331 4582 3684 4646 Salvatorem,
3714 4588 3772 4635 et
3796 4581 3896 4633 situ

605 4678 956 4735 fructifcrum.
989 4675 1059 4730 At
1084 4688 1215 4730 vero
1239 4675 1385 4744 quod
1414 4675 1467 4729 in
1499 4682 1699 4729 terram
1745 4674 1963 4744 bonam,
1994 4679 2198 4735 exube-

606 4777 693 4827 rat
734 4767 1015 4834 fructibus,
1048 4775 1104 4823 et
1140 4766 1336 4821 crcsdt
1377 4766 1430 4819 in
1471 4764 1703 4835 copiam,
1734 4773 1793 4821 ut
1820 4765 2029 4833 atterat,
2059 4768 2199 4824 sicut

606 4863 864 4919 Dominus
892 4860 986 4927 ait,
1029 4858 1231 4914 fructus
1258 4857 1590 4928 trigesimos,
1623 4865 1680 4912 et
1720 4860 2109 4927 scxagesimos,
2142 4868 2200 4915 et

606 4953 963 5019 centesimos;
1003 4948 1208 5005 fructus
1251 4947 1387 5019 Spei,
1418 4946 1559 5015 ﬁdei,
1591 4949 1861 5016 caritatis;
1888 4949 2092 5005 fructus
2120 4950 2199 5005 vi-

608 5044 846 5110 duitatis,
893 5039 1232 5111 virginitatis,
1280 5039 1540 5110 martyrii.
1587 5037 1708 5094 Istis
1755 5039 2017 5097 fructibus
2062 5042 2200 5099 bene

607 5138 805 5194 crescit
832 5135 1089 5201 Ecclesia,
1114 5141 1171 5189 et
1193 5147 1319 5188 suas
1344 5146 1547 5188 messes
1574 5131 1731 5203 digne
1751 5132 2059 5190 cmlestihus
2081 5136 2201 5191 hor-

609 5229 718 5285 reis
746 5236 919 5299 parat,
944 5225 1397 5297 quemadmodum
1429 5224 1751 5296 generaliter
1782 5224 1979 5281 dicitur
1998 5227 2066 5281 de
2086 5243 2205 5283 om-

609 5321 767 5376 nibus
789 5318 1090 5391 prophetis,
1113 5319 1197 5374 vel
1211 5317 1491 5389 apostolis,
1513 5316 1598 5371 vel
1619 5316 1845 5373 diversis
1864 5316 2198 5375 doctoribus.

614 5411 766 5470 Unde
793 5415 933 5468 bene
962 5413 1039 5467 ait
1065 5412 1354 5468 Dominus:
1385 5411 1488 5479 Qui
1509 5409 1764 5480 loquitur,
1792 5412 2014 5469 verbum
2042 5413 2198 5470 semi-

608 5515 725 5567 nat.
746 5506 814 5562 Et
835 5507 909 5562 ita
931 5513 1036 5576 est,
1061 5506 1313 5577 quoniam
1342 5508 1434 5577 qui
1458 5508 1693 5577 loquitur
1725 5508 1970 5577 verbum,
1996 5510 2203 5579 spargit

609 5599 823 5669 quidem
852 5596 1015 5654 verba
1037 5605 1097 5651 ut
1114 5596 1339 5661 semina,
1364 5598 1459 5653 sed
1485 5598 1629 5655 Deus
1652 5599 2042 5656 incrementum
2064 5615 2201 5671 pra).-

608 5697 738 5753 stat.
779 5688 912 5744 Nam
949 5696 1008 5745 et
1048 5686 1325 5758 apostolus
1371 5682 1565 5743 Paulus
1602 5689 1818 5745 dicebat
1854 5708 1867 5744 :
1901 5688 2017 5746 Nos
2063 5693 2201 5746 vobis

608 5781 899 5854 spiritantia
919 5776 1279 5836 seminavimus
1310 5775 1364 5849 (Ι
1390 5776 1509 5833 Cor.
1535 5776 1632 5849 ix).
1656 5777 1921 5846 Quoniam
1950 5796 2079 5855 ergo
2108 5783 2196 5853 qui

2302 4683 2566 4758 proderit,
2594 4689 2649 4738 et
2680 4680 2800 4735 filiis
2833 4681 2944 4737 suis
2983 4680 3212 4735 salutem
3237 4676 3485 4748 acquirit,
3517 4681 3574 4729 ut
3597 4671 3663 4727 de
3686 4672 3899 4727 daemo-

2304 4792 2432 4833 num
2459 4781 2725 4848 potestate
2749 4772 3006 4844 exempti,
3037 4768 3369 4827 liberationis
3395 4765 3670 4839 praemium
3698 4781 3897 4823 consc-

2302 4880 2555 4943 quantur.
2586 4867 2791 4925 Deinde
2817 4868 3101 4924 recitatum
3129 4871 3212 4921 est
3238 4862 3385 4934 quod
3408 4860 3614 4918 cuidam
3639 4860 3822 4915 surdo
3839 4868 3894 4916 et

2303 4971 2453 5019 muto
2486 4961 2741 5019 Dominus
2768 4958 2965 5029 digitos
2994 4958 3050 5013 in
3080 4971 3239 5013 aures
3266 4954 3491 5019 miserit,
3522 4960 3576 5008 et
3600 4959 3771 5021 sputo
3799 4967 3898 5008 suo

2302 5054 2540 5124 linguam
2578 5052 2695 5123 ejus
2735 5050 2992 5120 tetigerit,
3022 5057 3183 5118 atque
3212 5046 3467 5103 continuo
3495 5045 3704 5099 locutus
3736 5043 3901 5098 fuerit

2304 5144 2650 5213 auditumque
2672 5141 2954 5212 receperit.
2972 5140 3115 5196 Nihil
3130 5148 3212 5196 est
3233 5135 3559 5209 impossibile
3581 5133 3693 5189 Deo
3712 5133 3901 5206 (Rom.

2305 5239 2386 5309 ι),
2409 5236 2667 5308 quidquid
2696 5234 2935 5303 tetigerit
2960 5233 3121 5298 valet,
3144 5228 3401 5302 quidquid
3424 5227 3699 5298 aspexerit
3721 5228 3901 5287 vivet;

2305 5329 2474 5386 sensit
2501 5328 2701 5398 lingua,
2727 5333 3013 5382 senserunt
3037 5338 3192 5378 aures
3212 5320 3531 5378 beneﬁcium
3553 5316 3774 5372 Domini
3795 5317 3904 5383 sui,

2303 5426 2594 5479 caruerunt
2634 5416 3054 5488 impedimentis,
3085 5412 3290 5469 inertia:
3317 5415 3639 5481 acceperunt
3667 5423 3811 5462 usus
3885 5447 3900 5459 .
