4138 6196
359 424 469 485 829

357 539 620 614 ephetha,
641 536 746 593 hoc
767 540 851 590 est
874 529 1175 601 adaperire,
1206 543 1329 584 cum
1354 526 1579 598 imperio
1600 520 1811 579 Domini
1831 519 1957 575 sub-
1983 514 2032 575 Δ
2062 557 2078 574 .

359 640 551 690 secuta
589 635 716 685 sunt
742 622 1025 687 beneﬁcia,
1054 620 1327 677 vinculum
1354 618 1549 690 linguae
1576 616 1809 672 solutum
1836 620 1947 677 est;

358 727 432 783 de
474 731 635 795 sputo
677 736 777 777 suo
826 718 1002 787 tetigit
1044 717 1282 787 linguam
1324 714 1442 784 ejus
1482 729 1495 766 :
1539 712 1607 767 de
1652 705 1951 765 substantia

360 815 542 872 carnis
580 826 692 868 suae
734 808 958 879 largitus
985 814 1069 862 est
1109 805 1424 869 sanitatem;
1451 803 1519 858 de
1546 801 1723 869 digitis
1760 798 1952 852 iterum

360 922 621 963 manuum
650 918 866 960 suarum
891 901 1109 955 auribus
1137 896 1330 952 infudit
1358 895 1617 951 auditum.
1649 890 1755 946 Per
1780 903 1952 943 mem-

361 998 463 1054 bra
491 997 660 1051 virtus
687 991 1013 1064 operabatur
1038 988 1361 1044 Divinitatis.
1387 985 1505 1056 Ipse
1526 992 1582 1039 et
1603 998 1744 1038 nunc
1763 978 1956 1035 surdos

360 1088 495 1144 facit
533 1086 741 1151 audire,
785 1084 837 1138 id
877 1090 962 1137 est
1008 1079 1251 1135 inﬁdeles
1286 1078 1534 1141 credere;
1568 1075 1694 1144 quia
1733 1072 1862 1143 ﬁdes
1891 1087 1957 1125 ea:

366 1182 586 1245 auditu;
617 1178 825 1233 auditus
858 1183 1028 1253 autem
1068 1188 1159 1244 per
1184 1170 1388 1227 verbum
1416 1168 1549 1232 Dei;
1582 1176 1748 1221 mutos
1776 1165 1913 1234 loqui
1937 1180 1955 1218 .'

366 1276 463 1346 qui
491 1271 803 1329 nesciebant
826 1268 972 1337 loqui
995 1266 1216 1320 verbum
1239 1262 1481 1318 veritatis
1501 1258 1665 1314 efﬁcit
1688 1257 1741 1311 in
1771 1256 1958 1310 Eccle-

364 1366 449 1422 sia
477 1365 728 1421 doctores
755 1368 918 1429 atque
948 1356 1253 1426 magistros,
1284 1351 1664 1424 prmdicatores
1691 1346 1954 1412 veritatis,

365 1466 431 1513 ut
458 1456 620 1513 etiam
656 1430 1168 1509 doctrinae‘aliorum
1196 1449 1482 1516 penetrent
1508 1457 1687 1505 aures,
1719 1446 1775 1493 et
1803 1446 1957 1509 pate-

365 1550 572 1605 faciant
609 1540 1065 1614 transpungendo,
1097 1539 1305 1607 linguas
1337 1536 1500 1591 etiam
1541 1532 1847 1588 auditorum
1876 1529 1957 1582 fa-

367 1640 519 1699 ciant
554 1637 804 1698 disertas,
853 1645 1149 1700 omnesque
1195 1629 1249 1683 in
1298 1628 1502 1681 unitate
1550 1623 1673 1678 ﬁdei
1719 1619 1959 1675 roborati

366 1730 644 1789 exsultent
681 1738 896 1795 semper
933 1724 986 1777 in
1033 1723 1151 1791 ipso
1195 1718 1423 1774 Domino
1451 1715 1579 1771 lesu
1607 1712 1845 1777 Christo,
1875 1709 1958 1765 cui

367 1829 456 1878 est
481 1819 651 1891 gloria
679 1824 735 1871 et
762 1814 1044 1884 imperium
1073 1812 1128 1865 in
1155 1809 1368 1866 smcula.
1409 1806 1600 1861 Amen.

1217 409 1306 470 DE
1340 405 1699 471 CAPITULIS
1740 396 2285 461 EVANGELIORUM
2327 397 2831 459 EXPOSITIONES.

3532 399 3641 459 850

2156 556 2171 573 .
2245 526 2571 589 acceperunt
2642 557 2659 572 .
2738 556 2751 571 .
2832 556 2846 570 .
2926 556 2939 571 .
3020 556 3033 571 .
3113 556 3128 572 .
3206 559 3221 574 .
3302 558 3315 573 .
3390 517 3480 575 hic
3529 520 3639 590 pri-

2053 626 2171 666 mus
2199 610 2409 679 accepit
2482 650 2496 664 .
2574 648 2588 663 .
2659 650 2674 663 .
2753 648 2767 663 .
2846 647 2859 662 .
2937 609 3099 682 779
3129 608 3333 675 Simon,
3362 610 3639 680 quivoca-

2052 701 2583 769 turPetrus;ﬁlio
2669 741 2683 755 .
2776 743 2790 757 .
2882 742 2896 755 .
2986 741 3000 755 .
3089 740 3104 756 .
3183 741 3197 756 .
3286 741 3300 756 .
3390 742 3405 756 .
3495 742 3510 758 .
3585 710 3639 756 et

2054 794 2216 850 Israel
2268 794 2488 850 nomina
2538 793 2758 849 dinume
2844 835 2858 851 .
2949 835 2963 849 .
3055 832 3070 848 .
3150 834 3165 849 .
3244 832 3258 848 .
3338 836 3353 849 .
3429 793 3642 866 Moyses

2053 904 2165 944 non
2210 888 2345 944 dixit
2386 890 2590 959 primus
2622 889 2818 945 haben.
2895 930 2910 945 .
2989 929 3005 945 .
3087 931 3101 945 .
3179 930 3194 946 .
3272 931 3289 946 .
3363 889 3489 961 pliei
3521 904 3639 944 ser-

2056 981 2448 1037 monehaben.
2527 1020 2543 1035 .
2621 1021 2636 1035 .
2716 1021 2731 1036 .
2812 1020 2828 1036 .
2907 1023 2923 1038 .
2996 982 3182 1039 Simon
3246 1023 3260 1037 .
3342 1023 3355 1037 .
3435 1022 3450 1036 .
3528 1022 3543 1036 .
3622 1022 3635 1037 .

2055 1088 2123 1129 CO
2152 1088 2341 1129 omnes
2374 1089 2516 1128 nunc
2543 1082 2721 1128 autem
2753 1088 2998 1143 magnam
3076 1114 3090 1129 .
3170 1114 3184 1129 .
3262 1113 3276 1127 .
3358 1112 3371 1127 .
3452 1114 3465 1128 .
3541 1088 3639 1126 en-

2056 1164 2208 1231 tiam,
2239 1172 2296 1219 et
2321 1165 2643 1234 singularem
2686 1165 2950 1219 honorem
2986 1165 3230 1235 praebens
3260 1165 3422 1220 beato
3456 1163 3638 1227 Petro,

2058 1254 2397 1324 Evangelista
2436 1255 2567 1310 dicit
2605 1273 2619 1308 :
2653 1253 2862 1311 Primus
2907 1256 3113 1321 Simon,
3142 1256 3233 1324 qui
3274 1264 3499 1310 vocatur
3535 1254 3639 1309 Pe-

2059 1356 2193 1413 trus,
2234 1355 2291 1401 et
2327 1346 2518 1403 Petrus
2566 1346 2950 1416 interpretatur
2981 1346 3341 1417 superindutus
3379 1359 3541 1415 super
3576 1360 3640 1399 ea

2059 1455 2179 1510 qua:
2207 1439 2262 1494 in
2289 1440 2407 1508 lege
2435 1446 2519 1495 est
2544 1440 2751 1510 paritas
2780 1441 2983 1509 gratiae,
3014 1448 3236 1510 prapter
3276 1436 3420 1508 quod
3460 1444 3644 1508 pastor

2060 1530 2312 1586 Ecclesia:
2348 1531 2465 1597 fuit,
2497 1532 2715 1602 insuper
2750 1540 2807 1587 et
2845 1541 3030 1601 pastor
3056 1533 3250 1602 gregis.
3283 1530 3448 1587 Pasce
3477 1531 3640 1595 enim,

2062 1621 2137 1676 illi
2167 1622 2241 1675 ait
2267 1620 2439 1685 Jesus,
2469 1637 2597 1677 oves
2618 1637 2765 1677 meas
2785 1622 2961 1693 (Joan.
2988 1622 3119 1693 χχι).
3144 1623 3443 1693 Discipulus
3463 1621 3640 1689 igitur,

2062 1719 2117 1766 et
2140 1710 2392 1767 Ecclesiae
2424 1711 2855 1777 fundamentum,
2900 1722 2954 1768 et
3001 1715 3296 1785 apostolus,
3338 1714 3555 1784 insuper
3590 1722 3646 1767 ct

2062 1810 2267 1872 martyr
2312 1803 2489 1871 capite
2535 1803 2786 1857 deorsum
2832 1802 3015 1858 Romm
3060 1812 3143 1859 est
3184 1805 3503 1870 cruciﬁxus;
3544 1819 3646 1874 pro

365 1882 534 2006 77.8
570 1926 766 1983 XXII.
806 1882 943 1980 Item
978 1924 1040 1977 de
1077 1917 1597 2006 lectionenEvangctii
1629 1913 1800 1968 Marc.
1841 1926 1952 1977 vni,
1989 1885 1990 1888 Ἴ

2073 1892 2253 1961 ιιιίὺυε
2281 1892 2363 1945 his
2391 1892 2639 1947 omnibus
2659 1892 2940 1962 dupliciter
2959 1902 3245 1949 coronatus
3267 1903 3369 1949 est.
3395 1894 3647 1964 Propter-

2073 1997 2121 2006 ..-
2158 1996 2278 2006 ..ι-η..Δ
2307 1982 2459 2006 Ᾱξκ..-
2492 1982 2873 2006 ξ-ι--..--ι-ι--..
2901 1981 3090 2006 “-ι..---
3125 1986 3481 2006 _-.-4_-_!_-1,_.-_-
3553 1984 3617 2006 Δ..

935 2011 966 2047 a
995 2008 1127 2046 rers.
1154 1992 1177 2043 l
1208 1990 1276 2043 ad
1302 1987 1392 2042 26.

440 2094 650 2149 Dictum
670 2098 754 2146 est
779 2086 958 2151 hodie,
983 2084 1244 2141 recitante
1269 2088 1458 2135 saneto
1483 2078 1791 2147 Evangelio,
1816 2074 1961 2145 quod

374 2184 639 2240 Dominus
664 2179 819 2235 Iesus
846 2175 1091 2232 Christus
1117 2173 1185 2227 de
1214 2178 1420 2240 septem
1449 2168 1678 2239 panibus
1705 2166 1961 2237 p0pulum

366 2274 693 2335 saturaverit
736 2279 793 2327 et
839 2269 906 2325 de
947 2266 1134 2339 paucis
1177 2263 1432 2335 piscibus,
1474 2260 1820 2328 collectaeque
1856 2258 1964 2312 sint

370 2372 547 2444 plena:
591 2367 1013 2435 fragmentorum
1059 2366 1267 2428 septem
1306 2361 1521 2425 ενοι-ιω.
1568 2351 1683 2405 Rex
1729 2348 1963 2405 caelestis

370 2439 633 2517 Dominus
662 2462 845 2512 noster
869 2451 1024 2507 Iesus
1044 2448 1289 2504 Christus
1310 2453 1366 2500 et
1385 2443 1453 2498 de
1480 2451 1621 2497 terra
1651 2449 1708 2495 et
1733 2439 1802 2494 de
1829 2440 1963 2493 mari

370 2551 549 2626 pascit
591 2546 849 2619 populum
888 2556 1063 2599 suum.
1113 2537 1332 2608 Septem
1379 2533 1609 2604 panibus
1655 2536 1966 2585 saturantur
2068 2568 2081 2582 .
2175 2566 2188 2582 .
2283 2570 2295 2583 .
2394 2567 2407 2582 .

372 2622 586 2702 omnes.
615 2639 792 2707 Quare
830 2643 1098 2705 putamus,
1131 2631 1233 2687 iste
1260 2628 1492 2698 scriptus
1518 2626 1588 2681 sit
1617 2639 1871 2679 numerus
1908 2622 1963 2675 in

372 2734 640 2810 panibus?
685 2730 931 2785 Arbitror
967 2724 1114 2795 quod
1150 2723 1293 2778 dono
1320 2719 1506 2789 gratia:
1532 2716 1729 2771 Christi
1758 2721 1965 2783 scptem

373 2806 506 2884 sunt
540 2822 793 2880 Ecclesiae
837 2818 1160 2882 constitutm,
1192 2829 1289 2884 per
1328 2826 1555 2882 quarum
1593 2806 1965 2879 septiformem

378 2929 666 2974 numerum
706 2924 894 2968 omnes
938 2906 1124 2979 populi
1173 2905 1228 2959 in
1264 2902 1480 2957 Christo
1519 2907 1841 2971 pascuntur;
1871 2895 1968 2951 sed

376 3017 437 3065 et
460 3016 666 3078 septem
686 3008 882 3075 sporta:
910 3003 1197 3070 supersunt
1217 2996 1407 3066 plenae,
1426 2993 1551 3062 quia
1572 3004 1843 3059 nunquam
1866 2987 1967 3044 Ec-

380 3100 662 3158 elesiarum
689 3095 946 3151 minuitur
966 3090 1159 3160 gratia,
1187 3087 1281 3142 sed
1308 3099 1519 3154 semper
1546 3082 1776 3152 Spiritus
1797 3079 1967 3135 sancti

380 3191 629 3261 largitate
664 3187 1022 3244 cumulantur.
1062 3181 1189 3236 Hme
1223 3176 1550 3248 septiformis
1578 3173 1814 3229 Ecclesia
1844 3188 1967 3243 per—

2061 1997 2125 2039 ea
2154 1996 2283 2051 ergo
2304 1982 2462 2051 digne
2492 1982 2874 2052 interpretatur
2901 1981 3093 2039 Petrus
3119 1986 3504 2056 superindutus.
3540 1984 3649 2038 An-

2063 2073 2220 2128 dreas
2248 2073 2414 2127 frater
2442 2071 2558 2141 ejus
2581 2074 2966 2144 interpretatur
2985 2075 3276 2129 obstructus
3349 2115 3363 2128 .

2066 2202 2080 2216 .
2158 2165 2463 2218 eustoribus
2502 2164 2647 2217 dein.
2727 2204 2741 2218 .
2819 2205 2833 2218 .
2914 2204 2927 2217 .
3007 2204 3019 2217 .
3102 2205 3116 2219 .
3197 2207 3212 2221 .
3290 2206 3304 2219 .
3388 2205 3401 2219 .

2062 2263 2308 2325 pretatur
2334 2258 2708 2310 circumventus

3477 2166 3647 2218 inter-

2063 2720 2185 2767 tans
2211 2712 2473 2775 dolorem,
2504 2712 2556 2765 in
2578 2726 2686 2779 quo
2707 2712 2851 2765 enim
2927 2750 2941 2765 .
3022 2752 3035 2765 .
3116 2751 3129 2765 .
3211 2752 3225 2765 .
3305 2750 3318 2765 .
3396 2719 3649 2773 mortem,

2064 2812 2119 2858 et
2147 2803 2350 2872 sprevit
2374 2802 2637 2857 dolorem.
2668 2800 2800 2856 Cum
2825 2801 2893 2856 ab
2921 2800 3132 2857 Herode
3155 2809 3316 2872 caput
3336 2801 3385 2856 ei
3408 2809 3650 2871 amputa-

2067 2904 2179 2950 tum
2206 2893 2307 2949 t'uit
2372 2934 2387 2949 .
2446 2932 2461 2948 .
2528 2933 2543 2947 .
2622 2931 2639 2947 .
2716 2934 2731 2947 .
2811 2933 2824 2949 .
2902 2892 2955 2947 in
2978 2893 3083 2948 hoc
3102 2893 3453 2949 circumvenit
3480 2892 3653 2961 ipsum

2537 3001 2599 3042 re
2644 2986 2884 3056 iniquum
2921 2986 3216 3051 diabolum,
3249 3001 3369 3041 cum
3396 2984 3655 3039 velociter

2070 3095 2139 3136 ex
2160 3080 2269 3136 hoc
2288 3079 2489 3134 mundo
2511 3078 2567 3133 in
2594 3091 2759 3147 regna
2787 3075 3041 3132 transiret
3066 3076 3324 3141 coelestia,
3350 3085 3404 3130 et
3421 3074 3657 3130 Joannes

2070 3173 2238 3227 frater
2264 3171 2401 3239 ejus.
2431 3169 2669 3226 Joannes
2695 3171 2837 3224 enim
2869 3170 3253 3239 interpretatur
3280 3166 3658 3223 obediens-Da-

2071 3029 2086 3044 ο
2163 3028 2177 3042 ο
2258 3026 2274 3044 ο
2353 3025 2369 3043 δ
2447 3028 2461 3041 ο

381 3239 625 3261 "Tm-
671 3239 810 3244 ---η
1288 3239 1302 3248 _
1845 3239 1861 3243 _

381 3284 581 3341 fectum
609 3283 663 3338 in
691 3297 751 3337 se
777 3292 1056 3335 numerum
1086 3280 1252 3340 tenet,
1276 3272 1431 3326 sicuti
1461 3278 1516 3325 et
1542 3274 1748 3336 septem
1772 3264 1886 3319 dies
1915 3261 1968 3315 in
1994 3239 2039 3299 ο
2073 3267 2231 3318 mino.
2265 3262 2333 3317 Et
2360 3263 2481 3331 quis
2518 3261 2596 3316 sic
2632 3260 2870 3316 obedivit
2898 3261 3129 3314 Domino
3166 3260 3306 3315 sicut
3345 3260 3459 3328 ipse
3496 3259 3660 3313 Joan-

386 3374 571 3430 mundi
616 3371 948 3443 perfectione
993 3365 1351 3436 complentur,
1385 3369 1442 3417 ct
1474 3368 1681 3430 septem
1708 3370 1972 3411 annorum

392 3466 560 3522 millia
590 3465 657 3520 ad
686 3464 852 3534 ipsius
890 3459 1073 3514 mundi
1102 3453 1620 3512 consummationem
1645 3448 1818 3520 posita
1846 3460 1974 3516 per-

386 3557 658 3611 hibentur.
683 3533 819 3608 Nam
847 3559 900 3606 et
924 3550 975 3603 in
1000 3544 1322 3617 Apocalypsi
1348 3540 1497 3614 (Cap.
1523 3544 1577 3611 v)
1602 3548 1809 3609 septem
1830 3533 1973 3591 oculi

389 3647 603 3704 Domini
628 3645 897 3710 dicuntur,
924 3640 1016 3710 qui
1036 3637 1375 3709 speculantes
1396 3631 1673 3696 mundum,
1695 3636 1751 3684 et
1768 3634 1976 3697 septem

386 3739 561 3797 stella:
588 3739 641 3792 in
668 3735 915 3790 manibus
941 3731 1058 3787 Dei.
1080 3729 1158 3783 Ita
1182 3727 1324 3782 enim
1352 3731 1562 3795 septem
1583 3728 1779 3792 sporta:
1805 3720 1979 3790 pleme

390 3845 677 3904 superesse
722 3830 1109 3887 monstrantur,
1153 3827 1213 3874 ut
1258 3831 1469 3887 semper
1513 3813 1762 3869 Ecclesiae
1807 3811 1979 3882 plenae

391 3899 566 3996 gratia
591 3918 790 3977 Christi
818 3930 937 3973 esse
977 3919 1289 3968 noscantur.
1335 3907 1467 3963 Item
1501 3906 1569 3960 de
1607 3919 1747 3960 cmco
1785 3899 1980 3957 illumi-

393 3991 526 4073 nato
548 4015 601 4069 in
621 4008 967 4081 sequentibus
985 4004 1185 4059 dictum
1209 4007 1311 4066 est,
1335 3996 1480 4069 quod
1506 3996 1698 4051 iterum
1726 3991 1981 4048 Dominus

393 4108 553 4165 Iesus
588 4103 835 4159 Christus
883 4097 1067 4152 videns
1116 4109 1316 4150 caecum
1363 4106 1394 4145 a
1443 4087 1723 4145 nativitate
1768 4100 1863 4141 sua
1906 4084 1981 4137 ita

395 4194 700 4253 curaverit:
731 4189 975 4260 Exspuit,
1008 4185 1202 4255 inquit,
1230 4185 1286 4237 in
1315 4180 1477 4237 oculis
1504 4184 1634 4249 ejus,
1665 4184 1716 4230 et
1742 4172 1984 4244 imposuit

395 4302 607 4343 manum
635 4298 803 4345 suam,
826 4289 875 4333 et
898 4275 1237 4346 interrogavit
1264 4287 1380 4327 eum
1408 4270 1453 4325 si
1475 4267 1670 4339 aliquid
1693 4265 1911 4328 videret;
1934 4271 1983 4316 et

398 4381 532 4435 dixit
560 4377 685 4432 ille:
717 4372 877 4427 Video
904 4369 1136 4423 homines
1163 4365 1295 4420 sicut
1316 4361 1525 4416 arbores
1554 4357 1891 4413 ambulantes.
1917 4352 1984 4409 Et

398 4473 593 4526 iterum
624 4463 879 4535 imposuit
907 4474 1143 4523 manum,
1167 4466 1223 4512 et
1246 4454 1379 4509 vidit
1402 4453 1545 4508 clare
1575 4449 1772 4506 omnia.
1800 4447 1985 4502 Caecus

397 4562 523 4626 iste,
552 4557 636 4615 cui
666 4554 916 4611 nativitas
955 4566 1052 4607 sua
1094 4564 1203 4604 non
1239 4547 1460 4602 dederat
1497 4544 1693 4609 lucem,
1727 4540 1823 4597 sed
1852 4554 1985 4594 nau-

399 4653 626 4722 fragium
646 4649 791 4704 visus
811 4647 865 4701 in
894 4644 1006 4714 ipsa
1037 4641 1317 4696 nativitate
1341 4642 1671 4707 susceperat,
1700 4648 1841 4687 nunc
1862 4647 1989 4687 con-

400 4746 645 4813 sequitur
671 4756 701 4795 a
729 4738 958 4793 Domino
996 4733 1320 4790 medicinam
1354 4749 1366 4784 :
1399 4730 1491 4784 lux
1529 4742 1659 4782 vera
1692 4722 1987 4779 Salvatoris
2030 4734 2038 4747 ·

402 4834 596 4899 nostri,
628 4832 720 4903 qui
761 4828 877 4898 ejus
918 4827 1104 4883 oculos
1137 4823 1492 4891 tenebrasque
1520 4816 1859 4877 illuminavit,
1891 4829 1986 4869 ca-

403 4927 706 5000 ptivitatem
750 4924 897 4977 visus
933 4917 1181 4981 removit,
1214 4915 1395 4969 liberae
1433 4904 1566 4967 lueis
1591 4908 1811 4965 donavit
1834 4919 1988 4975 aspe-

403 4999 573 5079 ctum.
610 5017 737 5072 Post
766 5015 952 5082 longas
980 5010 1230 5066 tenebras
1255 5006 1470 5061 luminis
1497 5004 1703 5073 impetu
1730 4999 1988 5063 radiatus,

404 5117 580 5190 primo
609 5108 918 5167 nutantibus
946 5104 1134 5168 oculis,
1170 5100 1385 5156 videbat
1426 5097 1579 5169 quasi
1617 5094 1837 5150 arbores
1875 5106 1990 5145 am-

406 5197 914 5269 bulantes;deinde
954 5197 1144 5252 iterata
1221 5232 1235 5247 .
1316 5231 1329 5246 .
1409 5230 1423 5244 .
1503 5229 1514 5242 .
1597 5228 1611 5242 .
1691 5226 1705 5240 .
1785 5225 1799 5239 .
1880 5224 1889 5237 .
1973 5223 1986 5237 .

412 5524 519 5581 XX
526 5510 657 5578 111(
688 5519 1065 5588 Fragmentum
1108 5506 1400 5588 super_illa
1446 5502 1596 5585 verba
1644 5500 1994 5588 :nDuodecint

484 5571 834 5665 apostolorum
862 5584 1074 5665 nomina
1118 5571 1238 5665 sunt
1267 5580 1376 5665 [nec
1397 5592 1423 5665 ,ε
1458 5575 1651 5655 primus
1684 5571 1884 5665 Simon,
1909 5571 1994 5638 qui

484 5639 923 5722 EiéiiiTPéims,
953 5662 1002 5706 et
1031 5651 1264 5703 Andreas
1307 5639 1469 5719 frater
1506 5639 1639 5714 ejus,
1680 5651 1729 5695 et
1775 5639 1995 5710 reliqua,

484 5734 677 5791 Matth.
706 5745 760 5795 χ,
788 5727 840 5783 5.

418 5829 1996 5911 .......sicutprimus......

2074 3371 2189 3423 nes,
2214 3355 2306 3424 qui
2334 3353 2485 3423 sequi
2506 3367 2628 3407 eum
2656 3351 2833 3420 jussus
2855 3358 2955 3415 est,
2980 3358 3035 3405 et
3054 3366 3216 3419 super
3243 3358 3430 3419 pectus
3449 3349 3658 3403 Domini

2073 3445 2352 3502 recubuit?
2379 3443 2478 3499 llic
2507 3449 2562 3498 et
2590 3441 2727 3497 ﬁlius
2758 3440 2979 3496 tonitrui
3004 3455 3125 3494 cum
3154 3438 3358 3493 Jacobo
3387 3438 3668 3504 cognomi-
3768 3456 3779 3467 ν

2075 3546 2232 3593 natus
2260 3544 2361 3599 est,
2403 3543 2656 3604 tanquam
2695 3532 2919 3603 spiritali
2946 3540 3000 3586 et
3027 3529 3233 3585 caelesti
3255 3529 3452 3582 virtute
3481 3528 3533 3580 in
3565 3542 3661 3580 no-

2076 3629 2295 3685 vissimo
2326 3628 2378 3680 in
2406 3632 2589 3682 sancta
2622 3622 2857 3678 Ecclesia
2882 3628 3182 3676 tonaturus.
3210 3618 3336 3673 Post
3363 3618 3461 3671 hos
3482 3625 3661 3670 autem

2079 3719 2374 3790 Philippus,
2402 3717 2494 3785 qui
2533 3716 2919 3783 interpretatur
2946 3713 3212 3783 confusus,
3241 3709 3337 3764 sed
3376 3717 3551 3762 tamen
3584 3707 3662 3759 vi-

2078 3826 2240 3876 vens;
2271 3808 2411 3863 unde
2439 3814 2494 3861 et
2522 3805 2718 3859 Paulus
2739 3803 2868 3859 dicit
2893 3821 2905 3856 :
2930 3801 3309 3873 Spectaculum
3334 3799 3455 3854 lacti
3483 3812 3663 3853 sumus

2079 3901 2208 3956 huic
2252 3898 2481 3963 mundo;
2530 3902 2586 3950 et
2631 3887 2890 3962 tanquam
2937 3898 3289 3964 purgamenta
3368 3930 3383 3944 .
3462 3928 3476 3942 .
3554 3926 3567 3940 .
3650 3926 3665 3940 .

2082 4268 2235 4325 Nunc
2254 4275 2308 4322 et
2336 4265 2758 4322 Bartholommus
2779 4263 3165 4331 interpretatur
3186 4260 3330 4329 [ilius
3351 4260 3671 4313 carissimus.

2084 4359 2317 4429 Ideoque
2344 4359 2487 4414 enim
2516 4371 2639 4412 eum
2669 4355 2736 4409 ad
2766 4351 3129 4425 apostolatum
3160 4349 3391 4413 vocavit,
3424 4356 3479 4402 et
3506 4347 3671 4402 earis~

2084 4455 2279 4510 simum
2300 4467 2420 4507 eum
2443 4450 2609 4504 tilium
2668 4488 2682 4502 .
2763 4487 2775 4501 .
2857 4485 2871 4500 .
2940 4446 2977 4497 .‘
3029 4483 3043 4497 .
3110 4441 3431 4496 nominaret.
3457 4435 3673 4493 Utinam

2088 4553 2142 4600 et
2164 4561 2259 4600 nos
2281 4557 2469 4599 omnes
2543 4581 2556 4595 .
2636 4579 2651 4595 .
2731 4579 2744 4594 .
2815 4577 2829 4592 .
2900 4575 2914 4590 .
2982 4534 3212 4589 ﬁliorum
3236 4530 3525 4601 adoptione
3545 4544 3670 4584 con-

2088 4650 2387 4700 versemur,
2411 4640 2471 4687 ut
2498 4629 2763 4686 carissimi
2808 4625 2901 4681 ﬁlii
2942 4624 3038 4681 Dei
3067 4636 3533 4679 eonnumeremur.
3570 4618 3674 4671 Dc-

2090 4727 2214 4781 inde
2244 4723 2497 4786 Thomas,
2527 4722 2619 4789 qui
2651 4721 3036 4787 interpretatur
3077 4711 3311 4784 abyssus,
3343 4709 3424 4764 vel
3459 4709 3675 4779 profun~

2088 4817 2232 4877 dum.
2263 4812 2348 4867 vel
2376 4808 2747 4873 inscrutabilis,
2772 4807 2910 4861 sicut
2940 4816 3030 4858 vas
3059 4802 3289 4873 Spiritus
3318 4799 3509 4864 sancti,
3533 4797 3676 4851 velut

2089 4902 2347 4974 templum
2387 4900 2673 4967 Paraeleti,
2704 4898 2795 4967 qui
2836 4895 3015 4951 omnia
3043 4899 3332 4955 scrutatur,
3365 4890 3455 4957 qui
3495 4889 3676 4943 onmia

2091 4992 2351 5067 profunda
2381 4990 2607 5060 requirit
2636 4989 2687 5042 in
2712 4988 2798 5042 his
2826 5002 2944 5057 qum
2968 4986 3103 5039 facta
3134 4990 3257 5037 sunt
3286 4989 3340 5035 et
3369 4982 3420 5034 in
3451 4980 3673 5048 angelis,

2095 5095 2151 5143 et
2168 5086 2223 5140 in
2242 5083 2566 5140 hominibus.
2590 5080 2657 5134 Et
2678 5077 2974 5143 Matthmus,
2999 5076 3088 5145 qui
3112 5076 3494 5144 interpretatur
3516 5075 3678 5144 780

2097 5179 2287 5233 donum
2320 5176 2454 5229 vitaz.
2489 5172 2688 5242 Duplex
2718 5170 2860 5225 enim
2887 5168 3086 5223 donum
3114 5166 3237 5220 vitae
3262 5164 3678 5233 magniﬁcentis-

2097 5267 2263 5324 simus
2282 5264 2561 5318 Matthmus
2580 5261 2704 5316 huic
2727 5258 2926 5313 mundo
2945 5256 3113 5310 factus
3137 5263 3245 5320 est;
3278 5264 3332 5310 et
3356 5270 3424 5309 ex
3446 5270 3512 5309 eo
3536 5251 3685 5321 quod

2099 5356 2394 5429 apostolus,
2427 5361 2480 5409 et
2505 5368 2570 5408 ex
2601 5368 2666 5408 eo
2696 5349 2839 5420 quod
2878 5348 3205 5417 evangelista
3234 5346 3472 5401 llebrmis
3500 5344 3691 5411 singnm

2061 5466 2067 5472 ·
2096 5451 2284 5505 lariter
2309 5445 2570 5501 Hebraice
2599 5444 2702 5499 hoc
2728 5439 3073 5508 Evangelium
3095 5438 3325 5508 scripsit,
3358 5446 3412 5491 ct
3436 5434 3693 5505 gentibus:

2094 5541 2457 5613 singulariter,
2487 5553 2584 5608 per
2614 5535 2759 5606 quod
2796 5533 3044 5604 gentibus
3083 5532 3191 5588 hoc
3222 5530 3559 5611 enuntiatum
3598 5532 3688 5579 est

2097 5604 2948 5703 Evangelium.iSed'Matthmus,
2979 5626 3152 5695 inquit
3178 5604 3496 5693 publicanus
3569 5659 3585 5674 .
3660 5655 3675 5670 .

2290 5762 2303 5776 .
2380 5736 2447 5776 ex
2474 5720 2665 5791 patris,
2695 5718 2781 5774 vel
2810 5733 2879 5774 ex
2907 5716 3012 5783 avi,
3046 5716 3127 5770 vel
3154 5730 3223 5770 ex
3250 5715 3400 5782 regio
3473 5749 3487 5764 .
3568 5747 3585 5763 .

2202 5855 2215 5869 .
2291 5812 2510 5869 natione
2539 5810 2803 5868 nominas.
2828 5808 2905 5864 Te
2928 5808 3100 5879 ipsum
3129 5821 3257 5861 vero
3282 5806 3348 5860 de
3377 5801 3685 5872 publicano.
