4138 6196
363 327 470 385 857

1812 319 2041 376 SERMO
2081 322 2207 379 Vill.

3518 332 3622 388 858

364 446 524 501 times
568 457 639 496 ne
685 441 921 520 amittas,
946 440 1185 520 quotidie
1225 439 1445 520 incipies
1472 454 1753 520 recensere
1782 460 1794 494 :
1822 458 1937 496 ma-
1968 464 2015 520 Α
2044 461 2130 500 me
2158 460 2378 520 recense
2407 446 2544 520 iut_ra
2574 456 2646 520 te.
2678 447 2886 513 Quare?
2915 462 3004 520 ne,
3023 447 3410 520 consuetudine
3433 448 3620 515 facias,

362 527 529 580 gnum
572 520 751 565 autem
796 509 1153 569 tutamentum
1200 516 1301 580 est.
1350 509 1651 564 Nascuntur
1694 518 1942 580 stupores

361 578 531 637 animi
558 589 613 634 et
639 580 901 649 corporis,
946 580 1172 633 tentatio
1200 578 1513 649 adversarii,
1551 580 1642 647 qui
1670 578 1942 647 nunquam

361 650 614 719 quiescit,
637 645 839 702 tremor
858 649 1049 717 aliquis
1069 648 1331 719 corporis,
1361 645 1640 719 inﬁrmitas
1658 645 1942 716 stomachi,

362 717 669 790 symbolum
698 732 936 783 recense,
967 725 1023 775 et
1050 725 1289 772 scrutare
1318 717 1459 771 intra
1488 718 1746 786 teipsum;
1771 719 1945 772 maxi-

2046 523 2102 585 et
2128 532 2248 569 cum
2276 516 2422 571 solus
2462 516 2652 580 fueris,
2682 532 2929 571 recenses
2959 518 3047 571 ubi
3075 526 3200 571 sunt
3238 516 3453 585 ﬁdeles,
3485 520 3620 573 inci-

2047 583 2325 707 piastinter
2353 586 2762 643 catechumenos
2784 586 2866 641 vel
2891 588 3169 642 haereticos
3194 583 3482 643 recenseri.
3516 588 3622 643 Ex-

2049 669 2085 708 n
2108 670 2174 708 ιρι
2205 692 2218 706 .

2049 669 2218 721 pucu.

1757 830 2024 893 SERMO
2068 831 2151 891 Vl
2159 832 2208 892 ll
2218 875 2233 891 .

1780 932 1859 985 De
1898 932 2216 987 Pentecoste.

1797 1021 2187 1079 ADMONITIO.

435 1114 617 1169 Prima
644 1112 811 1185 huius
829 1113 1092 1185 sermonis
1117 1128 1242 1185 pars
1268 1122 1438 1183 usque
1464 1112 1531 1166 ad
1556 1112 1717 1185 verba
1738 1131 1763 1185 _:
1788 1113 2016 1185 sitientia
2038 1115 2549 1185 cordaipopulorttm,
2578 1118 2807 1173 habetur
2834 1120 2886 1173 in
2913 1119 3033 1173 cod.
3068 1119 3135 1173 Μ.
3170 1119 3229 1173 E.
3258 1119 3619 1185 Taurinensis,

365 1185 458 1239 ubi
486 1194 541 1238 et
568 1180 737 1253 sancti
768 1184 980 1236 Maximi
1008 1180 1220 1253 prmfert
1248 1180 1448 1253 nomen
1475 1198 1593 1236 cum
1635 1182 1833 1253 titulo_:
1867 1180 1999 1253 Item
2028 1192 2077 1235 et
2104 1185 2166 1236 de
2196 1180 2496 1240 Pentecoste
2522 1180 2736 1242 homilia
2764 1188 2924 1253 XIX,
2954 1198 3005 1242 et
3039 1190 3159 1242 folia
3195 1189 3483 1244 desiderari
3513 1180 3621 1244 duo

362 1254 675 1327 adnotatur.
708 1252 916 1327 Integer:
931 1250 1079 1327 apnd
1104 1251 1375 1306 Maurinos
1400 1251 1539 1306 idem
1581 1267 1761 1327 sermo
1799 1250 1990 1327 legitur
2015 1254 2251 1327 append._
2276 1255 2521 1327 Sermon.
2550 1258 2720 1312 sancti
2749 1250 3026 1327 Augusuni
3048 1260 3203 1312 class.
3234 1257 3285 1323 2,
3319 1274 3463 1312 num.
3498 1259 3618 1323 18‘2,

363 1323 496 1396 edit.
530 1323 787 1396 Antuerp.
821 1320 989 1396 1⁸70οξ
1024 1321 1383 1396 Veruin_cum
1424 1320 1660 1396 secunda
1706 1321 1969 1396 senmonis
1997 1320 2137 1396 pars,
2170 1323 2319 1396 cuius
2356 1325 2563 1396 initium
2591 1336 2672 1380 est
2703 1345 2714 1379 :
2743 1320 3073 1396 Inquiramus
3102 1327 3195 1380 hoc
3228 1320 3361 1393 loro,
3391 1344 3419 1379 a
3452 1320 3620 1380 Maxié

364 1392 543 1467 miana
572 1389 806 1467 dictione
831 1392 1137 1467 discrepare
1163 1389 1423 1451 videatur,
1450 1390 1654 1467 incerto
1683 1389 1861 1457 potius
1888 1392 2091 1445 auctori
2117 1389 2531 1461 cum-Maurinis,
2562 1410 2721 1465 quam
2744 1389 2975 1451 Maximo
2995 1413 3115 1452 cum
3138 1389 3396 1467 scriptore
3421 1396 3620 1451 laudati

363 1461 591 1527 codicis,
619 1460 863 1514 eumdem
896 1458 1234 1513 tribuendum
1261 1473 1380 1514 esse
1407 1458 1791 1513 existimamus.

363 1568 759 1624 Anausin-2mm.
790 1596 859 1605 —
897 1565 1123 1636 Spiritus
1169 1573 1377 1636 sanctus
1415 1564 1554 1618 Deus
1581 1566 1635 1617 in
1662 1552 1949 1620 substantia

434 1655 591 1697 unus,
622 1640 673 1689 in
704 1652 925 1705 persona
963 1636 1118 1701 alius,
1150 1635 1337 1705 (equali
1374 1636 1704 1705 miseratione
1740 1639 1944 1701 unicus,

436 1710 523 1775 die
544 1703 872 1759 Pentecostes
901 1706 1068 1775 adfuit
1096 1703 1333 1773 ﬁdelibus
1360 1705 1466 1775 suis
1499 1720 1594 1775 per
1616 1704 1784 1772 ipsum
1810 1721 1947 1775 pra:-

435 1773 603 1830 sentia
636 1776 942 1846 majestatis.
975 1773 1262 1846 Inquiritur
1288 1773 1411 1846 quid
1437 1773 1596 1846 adjici
1628 1773 1946 1846 possitr’apo-

434 1846 687 1915 stolarum
716 1842 1172 1915 'perfectioni'per
1225 1842 1672 1913 participationem
1716 1843 1945 1915 Spiritus

434 1915 628 1972 sancti.
704 1954 707 1955 ν

436 2058 569 2131 Post
597 2057 739 2111 illam
773 2055 1095 2123 singularem
1135 2056 1503 2131 insignemque
1530 2060 1811 2116 victoriam
1837 2076 1942 2131 qua

362 2128 611 2199 publicns
635 2134 998 2199 propugnator
1026 2126 1223 2199 mundo
1263 2126 1509 2182 militavit
1533 2138 1588 2183 et
1614 2131 1759 2192 vicit,
1797 2126 1945 2199 post-

364 2194 527 2267 quam
558 2196 894 2267 fragilitatem
926 2194 1247 2267 conditionis
1290 2205 1503 2267 nostrae,
1536 2214 1643 2251 non
1676 2194 1848 2252 solum
1877 2200 1945 2255 de

362 2264 550 2339 inferis
578 2266 738 2339 eruit,
769 2264 861 2318 sed
890 2264 1048 2339 etiam
1081 2266 1132 2317 iu
1156 2265 1301 2332 regni
1332 2267 1412 2318 sui
1440 2268 1651 2339 excelsa
1677 2269 1942 2339 subvexit,

364 2336 421 2390 in
452 2338 552 2390 hac
579 2335 665 2405 die
683 2334 832 2405 juxta
862 2333 1079 2387 verbum
1108 2349 1262 2405 suum
1284 2343 1535 2405 sanctum
1563 2336 1818 2405 Spiritum
1843 2333 1943 2393 do;

363 2406 538 2470 navit,
567 2404 633 2457 de
662 2417 769 2471 quo
791 2403 900 2470 iam
929 2403 1186 2471 apostolis
1214 2404 1323 2457 suis
1353 2404 1561 2458 dixerat
1596 2403 1619 2458 ε’
1638 2405 1707 2458 Et
1734 2424 1825 2471 ego
1855 2425 1943 2461 ro-

363 2473 497 2545 gabo
530 2473 757 2545 Patrem,
786 2480 835 2545 et
865 2472 1022 2524 alium
1062 2471 1393 2545 Paracletum
1422 2474 1563 2545 dabit
1586 2474 1729 2545 vobis
1761 2471 1939 2543 (Joan.

363 2541 498 2616 inv).
532 2541 704 2616 Aiinni
730 2542 914 2616 utique
942 2555 1046 2616 non
1076 2542 1553 2616 minorem,_ali_um
1585 2541 1942 2616 Paracletum,

362 2612 420 2666 id
447 2610 531 2667 est
549 2612 736 2682 similis
760 2610 941 2682 gloriae
968 2610 1048 2662 vel
1076 2618 1298 2682 naturae,
1324 2611 1669 2682 ejusdemque
1697 2610 1945 2669 substan;

361 2682 455 2735 tia:
501 2699 513 2733 :
556 2688 612 2733 ut
658 2678 1036 2750 discipulorum
1086 2678 1214 2750 ﬁdes
1259 2681 1492 2735 veridica
1539 2678 1828 2750 sponsione
1876 2685 1943 2738 ad

361 2751 819 2820 exspectationem
837 2748 973 2820 tanti
996 2749 1231 2820 muneris
1256 2748 1581 2818 praeparata,
1608 2752 1753 2805 illum
1784 2768 1941 2820 quem

362 2816 527 2872 sibi‘a
565 2818 789 2871 Domino
835 2818 885 2870 in
935 2818 1107 2872 locum
1140 2816 1232 2870 Dei
1258 2816 1582 2886 promissum
1610 2836 1728 2875 esse
1757 2816 1945 2876 m'emi-

362 2889 553 2952 uisset,
584 2904 763 2941 verum
795 2887 959 2941 Deum
998 2902 1116 2939 esse
1154 2897 1520 2954 cognosceret.
1553 2888 1622 2947 Et
1652 2892 1828 2954 alium,
1864 2892 1945 2945 in-

361 2959 497 3029 quit,
528 2956 855 3029 Paracletum
881 2972 905 3029 :_
930 2956 1223 3023 maiestatis
1253 2957 1489 3029 intellige
1528 2960 1752 3021 socium,
1783 2976 1941 3029 quem

365 3025 636 3097 maiestati
677 3025 935 3097 prospicis
968 3034 1355 3097 comparatum.
1390 3026 1460 3079 Et
1498 3045 1590 3097 ego
1620 3025 1829 3097 rogabo,
1863 3031 1945 3083 in-

362 3097 500 3163 quit,
536 3094 759 3158 Patrem,
792 3104 840 3148 et
867 3095 1025 3147 alium
1057 3094 1387 3149 Paracletum
1415 3094 1556 3151 dabit
1585 3094 1743 3155 vobis.
1771 3100 1943 3163 Quam

363 3165 510 3237 l_tei1e_
535 3164 631 3237 sub
662 3163 816 3237 titnlo
853 3165 1237 3237 promissionis
1250 3166 1656 3237 distinctionem
1686 3168 1943 3237 applicuit

362 3232 660 3288 Trinitatis.
716 3227 873 3303 Pater
909 3234 1110 3302 estqui
1152 3235 1415 3288 indicatur
1452 3227 1941 3303 rogandusi'l’ilius

360 3312 454 3358 est
480 3302 921 3374 quiintelligitur
964 3312 1272 3370 rogaturus;
1320 3302 1550 3374 Spiritus
1592 3314 1809 3359 sanctus
1847 3308 1939 3374 qui

361 3370 696 3443 promittitur
722 3387 753 3424 a
782 3370 1271 3443 Pa‘tremittendus.
1302 3370 1513 3443 Quanta
1556 3382 1612 3427 et
1647 3390 1806 3443 quam
1855 3370 1938 3428 in-

360 3440 592 3496 bﬂ'abilis
629 3443 801 3511 pietas
847 3440 1245 3510 Redemptoris!
1300 3440 1579 3496 llominem
1614 3440 1844 3511 portavit
1872 3444 1939 3496 ad

359 3511 581 3575 caelum,
613 3519 667 3564 et
693 3510 859 3564 Deum
899 3511 1043 3563 misit
1074 3510 1139 3564 ad
1171 3520 1355 3565 terras.
1389 3511 1595 3575 Quanta
1616 3510 1707 3565 est
1735 3513 1939 3567 auctori

359 3578 495 3633 cura
546 3595 645 3635 pro
692 3580 1075 3633 instauratione
1113 3579 1327 3633 facturae
1373 3579 1513 3633 sum!
1565 3579 1700 3633 Ecce
1745 3581 1939 3635 iterum

361 3664 505 3701 nova
531 3648 598 3703 de
628 3649 872 3716 supernis
900 3648 1160 3701 medicina
1191 3649 1454 3701 mittitur:
1481 3663 1607 3702 ecce
1636 3650 1828 3701 iterum
1860 3650 1941 3703 in-

362 3717 549 3772 firmos
594 3733 718 3771 suos
756 3733 853 3785 per
896 3718 1124 3785 seipsam
1154 3717 1403 3784 maiestas
1427 3718 1642 3771 visitare
1670 3718 1935 3783 dignatur.

362 3785 509 3840 Ecce
536 3787 727 3841 iterum
758 3785 1000 3839 humanis
1025 3785 1201 3839 divina
1232 3787 1543 3849 miscentur,
1573 3786 1625 3840 id
1648 3794 1729 3840 est
1750 3798 1774 3824 ο
1798 3788 1941 3842 vica-

359 3855 478 3908 rius
500 3856 880 3925 redemptionis
903 3873 916 3905 :
936 3862 994 3907 ut
1010 3854 1269 3925 beneﬁcia
1287 3870 1405 3923 qua:
1419 3856 1666 3925 Salvator
1686 3856 1941 3913 Dominus

361 3925 656 3991 inchoavit,
687 3923 954 3993 peculiari
1001 3923 1233 3991 Spiritus
1265 3924 1434 3978 sancti
1462 3926 1659 3981 virtute
1686 3941 1937 3980 consum-

361 4002 504 4057 met;
535 4002 590 4047 et
616 3992 757 4063 quod
786 3993 878 4046 ille
902 3992 1147 4063 redemit,
1177 3993 1299 4063 ister
1320 3994 1647 4058 sanctiﬁcat;
1678 3995 1821 4062 quod
1852 3996 1939 4049 ille

359 4062 663 4143 acquisivit,
696 4063 800 4143 iste
835 4062 1129 4125 custodiat;
1160 4077 1224 4142 ac
1260 4062 1338 4116 sic
1383 4064 1558 4143 unitas
1597 4063 1817 4143 Deitatis
1837 4080 1941 4143 per

360 4131 630 4202 unitatem
667 4131 851 4202 gratia:
887 4132 1213 4202 acrmuneris
1248 4131 1594 4202 approbatur,
1625 4140 1683 4185 ut
1711 4131 1940 4202 Spiritus

360 4207 583 4257 Sanctus
610 4200 749 4255 Deus
792 4200 846 4253 in
889 4201 1181 4254 substantia
1221 4217 1377 4265 unus,
1423 4201 1476 4254 in
1513 4200 1935 4270 persona'alius,

358 4270 558 4337 xequali
587 4270 929 4324 miseratione
950 4270 1225 4325 unicus-sit
1251 4265 1531 4324 colendus."
1552 4265 1689 4338 Ergo
1710 4265 1939 4339 Spiritus

361 4346 586 4393 sanctus
632 4340 685 4393 in
726 4340 829 4409 hac
871 4339 957 4393 die
994 4340 1060 4392 ad
1097 4347 1395 4408 praeparata
1434 4340 1535 4392 sibi
1571 4341 1938 4409 apostolorum

360 4420 586 4462 suorum
617 4408 833 4477 templa,
862 4409 1007 4463 velut
1052 4409 1223 4463 imber
1262 4408 1696 4463 sanctiﬁcationis
1724 4410 1941 4478 illapsus

360 4485 482 4559 est;
515 4479 1027 4559 uo_n_iam_visitator
1052 4479 1281 4559 subitus,
1308 4478 1400 4532 sed
1417 4486 1719 4559 perpetuus
1747 4494 1939 4559 εριιεος

2050 1571 2388 1641 postmodum
2420 1573 2724 1627 universum
2766 1574 3019 1627 mundum
3050 1582 3301 1641 tanquam
3340 1572 3619 1628 duodecim

2049 1641 2178 1695 solis
2204 1640 2338 1711 radii
2368 1656 2432 1695 ac
2461 1642 2681 1695 totidem
2720 1643 2991 1711 lampades
3024 1640 3263 1695 veritatis
3299 1643 3617 1705 illuminent,

2048 1716 2103 1782 et
2131 1710 2377 1782 inebriati
2406 1727 2547 1782 novo
2574 1712 2701 1765 vino
2727 1710 2967 1782 repleant
2994 1722 3154 1781 atque
3184 1712 3403 1779 irrigcut
3432 1713 3610 1767 sitien-

2050 1778 2120 1831 tia
2146 1780 2307 1832 corda
2334 1781 2671 1848 populorum.

1972 1871 2020 1931 Β
2076 1916 2088 1928 .
2117 1847 2449 1931 Inquinamus
2468 1852 2571 1931 boc
2589 1850 2709 1931 loco
2729 1858 2851 1931 post
2872 1850 3318 1931 resurrectionem
3339 1850 3423 1931 vel
3442 1864 3619 1931 ascen-

2046 1916 2253 1987 sionem
2281 1916 2512 1983 Domini,
2541 1920 2667 1986 quid
2693 1916 2864 1972 adhuc
2884 1919 3039 1985 adiici
3061 1920 3229 1987 possit
3256 1918 3619 1987 apostolorum

2046 1986 2362 2058 perfectioni
2391 2001 2488 2056 per
2512 1989 2975 2058 participationem
3015 1986 3247 2057 Spiritus
3275 1988 3464 2058 sancti.
3496 1986 3619 2041 Erat

2045 2056 2259 2123 quidem
2298 2057 2350 2110 in
2388 2058 2466 2111 eis
2505 2056 2655 2121 ﬁdes,
2700 2056 2793 2112 sed
2839 2056 3379 2112 ﬁducizeiconstantia
3412 2057 3616 2110 deerat.

2044 2125 2160 2179 Jam
2191 2126 2402 2195 quidem
2422 2126 2698 2195 Christum
2742 2142 2840 2195 per
2867 2129 3113 2182 universa
3140 2134 3388 2195 poterant
3424 2125 3618 2193 prmdi-

2044 2210 2189 2258 care,
2212 2194 2313 2248 sed
2350 2194 2525 2249 adhuc
2570 2211 2667 2264 pro
2712 2194 2923 2249 Christo
2953 2211 3120 2263 usque
3142 2194 3214 2247 ad
3243 2202 3618 2264 mortemccr-

2044 2271 2161 2319 tare
2205 2276 2312 2318 non
2360 2262 2637 2334 poterant;
2679 2280 2848 2333 usque
2877 2265 3011 2318 adeo
3040 2262 3107 2318 ut
3134 2264 3335 2317 nullum
3364 2279 3430 2334 ex
3456 2262 3617 2315 disci-

2044 2335 2182 2404 pulis
2234 2332 2573 2404 coronaverit
2627 2332 2804 2403 palma
2859 2335 3098 2404 martyrii
3153 2341 3277 2385 ante
3328 2332 3616 2404 adventum

2045 2403 2271 2472 Spiritus
2314 2404 2502 2457 sancti.
2550 2402 2813 2458 Praeterea
2856 2404 2965 2472 jam
3003 2402 3310 2457 recesserat
3348 2417 3413 2455 ex
3448 2402 3618 2472 oculis

2044 2470 2229 2527 eorum
2273 2472 2531 2526 Dominus
2573 2473 2749 2540 Jesus,
2781 2470 2870 2542 qui
2900 2488 2993 2527 eos
3021 2470 3617 2542 pnedicatione_visib_i_li

2045 2558 2106 2596 os
2133 2542 2199 2596 ad
2225 2558 2286 2596 os
2310 2543 2536 2609 loquens
2564 2537 2968 2606 corroborabat,
2992 2537 3048 2595 et
3074 2542 3328 2595 virtutum
3348 2537 3619 2609 miraculis

2044 2611 2341 2666 instruebat
2374 2608 2397 2663 ξ
2416 2621 2471 2665 et
2495 2612 2620 2665 dum
2651 2628 2771 2667 cum
2820 2627 2885 2665 eo
2927 2619 3098 2673 erant,
3143 2611 3295 2664 facile
3330 2608 3618 2663 credebant

2043 2695 2161 2747 qua:
2186 2681 2437 2735 videbant
2461 2700 2473 2733 :
2504 2682 2633 2735 ﬁdes
2660 2682 3012 2749 adiuvabatur
3043 2681 3361 2749 aspectibus,
3386 2692 3617 2749 praesen-

2044 2752 2185 2803 tibus
2232 2750 2650 2805 conﬁrmabatur
2697 2747 2969 2819 operibus,
3018 2747 3180 2815 signis
3228 2763 3291 2801 ac
3316 2747 3617 2819 _virtutib_ns

2042 2820 2378 2891 pascebatur.
2422 2820 2708 2889 Postquam
2738 2817 2846 2891 35
2870 2820 3283 2891 veroDominus
3309 2817 3460 2870 Jesus
3487 2817 3616 2891 sub.

2043 2883 2182 2942 latus
2210 2904 2277 2943 ex
2306 2891 2473 2944 oculis
2514 2883 2700 2944 eorum
2745 2883 2967 2944 Fecessit
3007 2890 3058 2943 in
3091 2889 3302 2949 cmlum,
3331 2902 3437 2939 non
3466 2883 3617 2938 salii-

2043 2959 2257 3013 cicbant
2281 2961 2521 3013 attonitae
2542 2975 2605 3014 ac
2629 2960 2847 3028 trepidae
2869 2974 3055 3015 eorum
3076 2965 3301 3019 mentes,
3325 2963 3383 3007 ut
3401 2955 3618 3028 dignum

2043 3037 2182 3094 erat,
2223 3028 2461 3083 coelestia
2506 3037 2563 3083 et
2604 3023 2803 3083 aztcrna
2840 3029 3095 3095 cogitare,
3134 3042 3231 3079 nec
3261 3023 3618 3093 prmvalebaut
3655 3065 3667 3074 .

2045 3097 2222 3151 adhuc
2246 3106 2468 3172 portare
2489 3107 2712 3172 augusta
2734 3113 2918 3152 eorum
2940 3106 3157 3172 pectora
3182 3096 3619 3172 divinorum‘sen-

2043 3180 2200 3219 suum
2247 3162 2699 3231 magnitudinem;
2754 3175 2813 3219 ut
2858 3162 3077 3233 possent
3123 3165 3418 3230 intelligere
3462 3162 3618 3233 Citri-

2044 3243 2203 3296 stum,
2226 3236 2496 3302 quomodo
2524 3244 2641 3287 erat
2671 3231 2900 3287 Verbum
2930 3236 3071 3287 Deus
3098 3233 3235 3302 apud
3266 3233 3451 3294 Deum,
3482 3231 3619 3302 sicut

2042 3305 2120 3357 eis
2151 3299 2265 3372 ipse
2310 3301 2566 3357 Dominus
2595 3303 2769 3357 adhuc
2792 3303 2850 3372 in
2878 3315 3104 3372 corpore
3132 3299 3471 3372 constitutus,
3503 3299 3619 3372 evi-_

2040 3366 2231 3427 denter
2257 3373 2510 3437 insinuat,
2531 3372 2714 3426 dicens
2739 3389 2751 3423 :
2784 3370 2951 3423 Multa
2977 3366 3139 3423 Ὶιαὺεο
3161 3369 3298 3424 vobis
3320 3369 3505 3430 dicere,
3516 3366 3617 3437 fed

2040 3457 2141 3495 non
2172 3443 2381 3511 potestis
2409 3459 2469 3494 ea
2498 3436 2705 3509 portare
2732 3440 2913 3511 modo;
2944 3456 3056 3491 cum
3088 3450 3255 3511 autem
3283 3437 3483 3511 venerit_
3501 3436 3618 3503 Spi-

2040 3502 2439 3570 ritus'veritatis,
2464 3502 2574 3578 ipse
2596 3528 2679 3562 vos
2702 3509 2899 3561 docebit
2920 3524 3118 3561 onmem
3146 3508 3407 3578 veritatem
3431 3502 3613 3573 (Joan.

2041 3580 2173 3647 xvr).
2206 3580 2366 3633 Vides
2392 3574 2533 3647 quod
2572 3585 2694 3645 post
2722 3579 3099 3632 discessionem
3147 3574 3429 3647 adorandae
3470 3588 3616 3647 sum:

2039 3640 2246 3721 maique
2267 3640 2476 3721 virtutis
2504 3640 2882 3721 discipuiorum
2907 3653 3123 3721 pectora
3152 3640 3615 3721 diiatatasuntad

2040 3710 2404 3771 sustinendam
2444 3710 2865 3783 magnitudinem
2895 3710 3059 3769 divini
3096 3714 3309 3768 luminis
3336 3720 3391 3765 et
3419 3710 3616 3764 intelli-

2040 3786 2276 3853 gentiam
2314 3786 2591 3839 veritatis?
2630 3784 2771 3838 Deus
2818 3786 2994 3851 itaque
3033 3791 3135 3847 est,
3163 3783 3251 3849 qui
3293 3790 3467 3850 potest
3494 3787 3615 3847 post

2039 3855 2455 3909 munilicentiam
2485 3870 2634 3907 suam
2665 3854 3006 3908 accumulare
3034 3854 3276 3919 gratiam,
3309 3864 3503 3917 augere
3529 3863 3616 3901 sa-

2038 3925 2315 3997 pientiam,
2370 3924 2690 3997 conﬁrmare
2735 3924 3111 3997 constantiam.
3156 3920 3441 3997 Videamus
3486 3930 3614 3997 ergo

2041 4002 2167 4066 ante
2195 3995 2553 4066 visitationem
2583 3992 2816 4047 caelestis
2842 3992 3230 4066 Consolatoris,
3254 3997 3508 4066 quantnm
3536 3992 3615 4066 eis

2040 4062 2108 4117 de
2135 4064 2594 4130 magnanimitate,
2623 4069 2881 4128 quantum
2911 4062 2977 4115 de
3014 4061 3340 4130 perfectione
3366 4058 3610 4130 defuerit.

2039 4130 2173 4200 Nam
2202 4124 2431 4200 primum
2460 4124 2594 4200 cum:
2617 4124 2739 4200 eum
2778 4144 2937 4200 supra
2969 4124 3222 4200 tumentia
3264 4128 3427 4181 maris
3456 4124 3612 4179 dorsa

2039 4198 2299 4254 vidissent
2344 4199 2626 4253 substratis
2679 4198 2923 4252 ﬂuctibus
2969 4198 3349 4257 ambulantem,
3398 4204 3453 4248 et
3492 4209 3611 4248 cum

2041 4284 2300 4338 aquarum
2328 4270 2430 4322 iter
2459 4266 2705 4338 instabile
2734 4266 2834 4320 sub
2859 4265 3052 4338 divinis
3080 4264 3334 4338 solidaret
3368 4262 3505 4315 unda
3536 4260 3611 4313 la-

2040 4333 2183 4392 miila
2208 4338 2461 4405 vestigiis,
2496 4337 2691 4391 turbati
2719 4344 2843 4391 sunt
2866 4335 3103 4405 dicentes
3124 4351 3142 4405 _:
3177 4333 3495 4405 Phantasma
3516 4337 3611 4392 est,

2040 4415 2097 4460 et
2137 4424 2247 4477 pra:
2287 4402 2481 4462 timore
2510 4407 2906 4477 clamaverunt.
2950 4403 3075 4477 Post
3120 4402 3436 4477 infusioncm
3483 4413 3612 4477 vero
3670 4444 3673 4447 γ

2041 4472 2271 4546 Spiritus
2296 4478 2467 4534 sancti
2499 4476 2608 4545 iam
2639 4492 2748 4546 non
2774 4476 2958 4546 dicunt
2988 4473 3129 4546 quia
3158 4472 3469 4546 phantasma
3501 4474 3610 4546 est;

362 4534 595 4627 lateret
626 4534 895 4627 habitator
932 4554 1181 4627 mternus.
1226 4534 1360 4601 Nam
1387 4534 1614 4627 sicut'de
1651 4550 1938 4627 semetipso
1971 4568 2017 4627 ι)
2040 4534 2152 4627 θέα,
2188 4548 2252 4600 In
2281 4534 2533 4627 principia
2561 4556 2683 4627 era},
2713 4545 2963 4627 verbum,
3088 4534 3307 4627 Verbu'ni
3329 4534 3613 4627 eragnnpnd

362 4616 625 4687 apostolis
653 4616 763 4669 suis
790 4615 998 4687 dixerat
1031 4616 1203 4670 :Ecce
1228 4634 1320 4687 ego
1350 4616 1605 4675 vobiscum
1632 4634 1745 4670 sum
1756 4615 1939 4687 omni-

363 4683 459 4748 bus
498 4685 671 4765 diebus
709 4702 864 4765 usque
896 4685 964 4765 a_d
999 4683 1935 4765 fonsnmm'ationemAswcnii(Matth.

364 4755 584 4824 xxvtn);
617 4755 687 4808 ita
717 4754 970 4824 etiamide
997 4754 1197 4824 Spiritu
1233 4764 1438 4818 sancto,
1478 4755 1822 4819 Paracletnm,
1855 4754 1937 4807 in-

360 4823 673 4943 gnitndabit
711 4824 848 4905 vnbis
875 4822 1054 4905 Pater,
1084 4827 1167 4896 qui
1195 4825 1553 4906 vnbiscum_sit
1590 4825 1643 4877 in
1673 4833 1935 4905 internum.

419 4892 552 4943 dfutt
588 4908 716 4943 creo
754 4910 805 4943 ιιι
848 4894 947 4943 hac
984 4894 1069 4943 die
1117 4893 1357 4943 ﬁdelibus
1392 4910 1524 4943 suis-
1566 4909 1671 4943 non
1711 4908 1817 4943 tam
1844 4898 1935 4943 per

419 4892 552 4944 dfuit
588 4908 716 4959 ergo
754 4894 805 4946 in
848 4894 947 4947 hac
984 4894 1069 4948 die
1097 4892 1357 4948 ﬁdelibus
1392 4895 1524 4960 suis,
1566 4909 1671 4947 non
1704 4894 1817 4962 iam
1844 4898 1941 4962 per

361 4962 611 5033 gratiam?
639 4962 956 5033 visitationis
1002 4973 1056 5016 et
1099 4965 1442 5031 operationis,
1493 4963 1584 5017 sed
1633 4978 1731 5033 per
1770 4963 1938 5033 ipsam

412 5032 703 5103 absentiam
732 5032 1051 5103 maiestatis;
1080 5042 1238 5100 atque
1275 5034 1326 5103 in
1355 5048 1481 5103 vasa
1525 5032 1645 5085 non
1664 5032 1941 5103 iamrodor

412 5043 703 5083 trasennam
734 5043 1051 5099 maiestatis;
1080 5043 1238 5100 atque
1275 5043 1326 5085 ιιι
1355 5048 1481 5086 vasa
1525 5048 1631 5085 non
1664 5047 1778 5103 iam
1808 5043 1941 5087 onor

361 5043 625 5164 Balsami,
656 5100 748 5154 sed
796 5102 906 5168 ipsa
949 5101 1241 5156 substantia
1285 5101 1505 5155 deﬁuxit
1544 5102 1829 5167 unguenti,
1874 5116 1941 5153 ex

363 5167 523 5233 cuius
552 5167 835 5240 fragrantia
874 5170 1097 5223 latitudo
1134 5171 1298 5240 toiius
1334 5170 1479 5224 orbis
1526 5170 1854 5240 impleretur,
1887 5176 1942 5223 et

362 5238 857 5307 appropinquantes
882 5241 947 5292 ad
975 5255 1159 5293 eorum
1182 5238 1499 5307 doctrinam,
1520 5238 1615 5293 Dei
1644 5240 1830 5293 ﬁerent
1850 5254 1939 5293 ca-

361 5310 1088 5377 pacesrauiueipartieipes.
1137 5308 1285 5362 Sedit
1332 5323 1458 5376 ergo
1503 5324 1664 5377 super
1704 5308 1943 5374 singulos

363 5375 523 5447 quasi
553 5376 704 5442 ignis,
737 5376 805 5430 de
833 5392 939 5444 quo
972 5376 1216 5447 Salvator
1246 5375 1427 5432 noster
1457 5375 1682 5432 testatur
1713 5394 1725 5430 :
1761 5378 1941 5447 Ignem

363 5446 485 5517 geni
506 5447 703 5498 mittere
730 5449 783 5498 in
813 5455 1001 5499 terram
1030 5446 1179 5517 (Luc.
1207 5447 1429 5517 xu);7de
1455 5462 1562 5515 quo
1590 5446 1899 5517 dictumest
1923 5462 1937 5499 :

366 5510 509 5564 Deus
538 5524 711 5567 noster
728 5517 862 5584 ignis
892 5510 1191 5569 consumens
1213 5510 1291 5568 est
1310 5510 1543 5585 (Denter.
1574 5518 1672 5580 tv).
1696 5514 1940 5585 lpseita-

365 5592 480 5649 que
504 5585 777 5652 apostolos
805 5600 931 5638 suos
960 5585 1090 5639 vivae
1118 5586 1250 5639 lucis
1280 5586 1424 5640 fonte
1453 5585 1704 5655 pertudit,
1728 5592 1786 5637 ut
1814 5584 1941 5652 ipsis

444 5731 472 5776 μ
493 5721 631 5779 Edit.
660 5724 1018 5781 Maurinorum
1048 5725 1174 5791 legit
1204 5724 1418 5778 vicarius
1453 5722 1826 5785 Redemptoris.

2042 4607 2227 4681 Deum,
2257 4607 2307 4671 et
2327 4607 2468 4670 Deus
2495 4625 2605 4670 erat
2644 4613 2895 4678 Verbum;
2917 4607 3210 4684 etiiterum,
3244 4608 3390 4684 Erat,
3420 4607 3610 4684 inquit,

2041 4686 2132 4738 tua:
2159 4679 2275 4738 vera
2303 4703 2417 4755 quin
2438 4686 2694 4755 illuminat
2736 4698 2936 4755 omnem
2974 4682 3228 4755 hominem
3241 4679 3529 4755 venientem
3559 4679 3611 4724 in

2041 4754 2173 4805 hunc
2202 4743 2448 4807 mundum
2472 4753 2632 4821 (Ibid.
2666 4751 2728 4819 ι)¹
2762 4760 2815 4805 et
2841 4750 3126 4819 Apostolus
3153 4748 3281 4801 dicit
3305 4764 3322 4821 :_
3338 4743 3477 4821 Qnia
3505 4743 3614 4821 ipse

2038 4832 2114 4892 est
2141 4832 2258 4874 ante
2286 4810 2486 4886 omnes;
2500 4830 2549 4892 et
2564 4810 2854 4892 omninpe:
2861 4810 3034 4892 ipsum
3054 4824 3289 4892 constant
3307 4813 3524 4892 (δομοις.
3551 4810 3610 4879 ι).

2043 4889 2189 4945 Unus
2219 4898 2395 4945 autem
2419 4907 2485 4945 ex
2513 4885 2786 4961 discipulis
2814 4885 3044 4961 Thomas
3068 4885 3301 4940 nondum
3320 4885 3476 4961 huius
3498 4894 3615 4961 uiu-

2043 4961 2185 5031 ne_ris
2211 4961 2583 5015 benedictione
2610 4948 2827 5023 ditatus,
2858 4957 3072 5031 cumin
3116 4967 3343 5031 corpore
3364 4950 3477 5031 iatn
3501 4948 3616 5016 glo-

2042 5029 2270 5099 riﬁcato,
2302 5031 2353 5084 in
2390 5046 2615 5099 corpore
2648 5032 2759 5099 iam
2804 5019 3015 5099 caelesti
3047 5019 3356 5099 per_carnis
3394 5019 3614 5099 vulnera

2041 5098 2209 5152 Deum
2250 5087 2533 5167 quareret,
2576 5087 2742 5153 et'ad
2787 5087 3105 5167 credendam
3140 5087 3613 5167 incorruptibilem

2041 5155 2371 5224 divinitaiem
2399 5155 2580 5223 ﬁxuiis
2604 5168 2876 5221 clavorum
2899 5172 2953 5215 et
2972 5162 3275 5229 cicatricum
3300 5155 3615 5229 testimoniis
3658 5174 3669 5229 ξ

2043 5237 2305 5306 indigeret
2337 5257 2349 5291 :
2383 5237 2501 5291 Nisi
2532 5239 2721 5310 videro,
2760 5234 2948 5303 inquit,
2978 5233 3033 5284 in
3073 5228 3305 5310 manibus
3327 5227 3445 5310 ‘ejus
3474 5226 3613 5310 [iant-

2043 5298 2464 5365 ramvclavorum.
2498 5316 2547 5360 et
2573 5298 2773 5375 mittam
2801 5298 3008 5375 manum
3038 5316 3203 5375 meam
3238 5300 3292 5350 in
3321 5298 3614 5375 Intnsejus,

2042 5394 2143 5430 non
2174 5379 2379 5431 credam
2409 5377 2585 5444 (Joan.
2610 5379 2723 5442 xx).
2753 5374 2899 5427 Alius
2919 5386 3046 5425 vero
3067 5369 3177 5444 iam
3199 5366 3374 5444 sancti
3391 5364 3617 5444 Spiritus

2042 5448 2341 5501 eruditione
2377 5432 2610 5515 repletus
2638 5432 2969 5515 conﬁdenter
2998 5432 3261 5515 estclamat
3286 5455 3298 5488 :
3326 5432 3481 5515 Quod
3503 5437 3618 5515 erat

2042 5515 2108 5567 ab
2138 5517 2302 5577 initio,
2331 5505 2463 5583 quod
2491 5514 2796 5575 audivimus,
2827 5510 2959 5580 quod
2985 5509 3200 5563 vidimus
3224 5505 3381 5583 oculis
3404 5505 3615 5583 nostris,

2042 5566 2580 5656 quotidianum“,
2626 5566 2673 5636 et
2717 5566 2894 5636 manus
2944 5589 3133 5637 nostra:
3178 5577 3510 5647 palparerunt
3553 5566 3616 5625 de

3679 5428 3693 5459 ι
