4138 6196
350 329 458 387 865

1806 330 2041 388 SERMO
2076 330 2165 385 XI.

3530 328 3641 384 866

350 451 409 497 et
428 440 621 512 messis
638 440 788 496 initia
812 456 1179 512 procuramus.
1206 444 1393 512 xdagna
1411 450 1642 512 utraque
1662 445 1934 505 nativitas,
1968 455 2011 504 Α
2042 442 2271 496 fructum
2302 440 2489 500 salulis
2511 440 2823 501 emittimus,
2857 450 2911 495 et
2940 441 3009 495 de
3050 442 3338 497 verborum
3365 442 3488 511 ejus
3517 453 3639 497 tan-

352 528 475 579 quzc
502 519 558 564 et
585 511 826 582 inopiam
854 528 1116 567 viscerum
1144 511 1359 582 repulit,
1409 522 1463 567 et
1518 511 1713 567 famem
1742 516 1941 582 repulit

424 579 722 634 ccatorum.
754 579 882 635 Inde
910 598 996 636 me
1037 582 1149 649 jam
1195 579 1372 637 tabida
1400 584 1518 637 lues
1548 600 1652 637 non
1683 579 1940 649 macerat,

372 664 499 699 tunc
529 650 1137 717 pestilens‘conscientia
1158 668 1263 706 non
1310 653 1563 719 absumit,
1594 652 1944 707 refectionem

395 727 563 772 artter
591 720 766 773 sentio
794 722 1040 774 sensibus
1087 730 1250 789 atque
1302 722 1627 786 visceribus;
1682 723 1792 775 imo
1832 722 1947 790 ipse

387 803 596 843 “annos
644 790 835 844 messis
880 798 1065 845 nostra
1112 802 1215 856 est,
1265 805 1390 845 nam
1428 792 1495 847 de
1517 792 1800 862 prophetia
1832 791 1949 858 ejus

2041 528 2199 581 quant
2230 512 2388 581 gravi
2407 511 2830 581 culmogranum
2855 514 3042 565 salutis
3058 514 3403 581 assumimus.
3437 513 3510 566 De
3530 528 3641 580 quo

2041 579 2209 652 grano
2252 581 2303 652 in
2350 579 2644 652 Evangelia
2672 580 2931 647 scriptum
2964 591 3046 635 est
3076 599 3087 633 :
3125 580 3247 633 Nisi
3293 599 3509 652 granum
3543 579 3639 634 tri-

2044 651 2131 721 tici
2170 651 2358 721 radens
2406 650 2461 701 in
2516 659 2709 721 terram
2739 652 3005 715 morietur,
3034 652 3203 721 ipsum
3254 650 3420 705 salum
3467 659 3640 704 manet

2046 719 2227 790 (Joan.
2264 719 2379 788 xu),
2413 726 2470 772 et
2499 718 2724 786 reliqua,
2759 726 2867 773 etc.

1780 900 2049 962 SERMO
2093 898 2209 962 XI.

1404 999 1485 1055 De
1504 1000 1869 1069 Assumptione
1894 1000 2058 1053 beata:
2080 999 2267 1053 Maria:
2287 963 2501 1069 rirgim's
2525 985 2572 1051 1.

1805 1087 2194 1142 ADMONITIO.

435 1186 543 1258 53
571 1184 927 1258 Combellsius
954 1185 1007 1239 in
1037 1200 1132 1240 sua
1162 1184 1493 1258 Bibliotheca
1524 1182 1662 1258 ΙῘΡ.ὲ
1681 1190 1815 1237 tom.
1838 1198 1949 1258 vni,
1972 1195 2094 1249 pag.
2127 1178 2217 1258 45,
2250 1179 2452 1258 primus
2484 1177 2658 1258 edidit
2686 1180 2785 1258 sub
2814 1182 3033 1258 nomine
3060 1180 3231 1258 sancti
3279 1177 3493 1258 Maximi
3523 1200 3640 1240 ser-

358 1250 582 1312 moiiEm
605 1256 745 1309 hunc
765 1255 1141 1324 depromptum
1171 1271 1237 1311 ex
1263 1256 1383 1310 cod.
1410 1269 1511 1324 ms.
1536 1253 1595 1307 S.
1623 1251 2200 1324 Germani_P_ratensis_,
2222 1265 2382 1324 quem
2411 1250 2603 1324 deinde
2630 1250 2873 1305 Andreas
2896 1253 3209 1324 Gallandius
3236 1261 3368 1307 tom.
3396 1254 3487 1319 IX,
3518 1268 3639 1324 pag.

358 1324 495 1393 394,
525 1340 679 1380 novae
702 1319 1045 1378 Bibliothetie
1072 1323 1174 1378 PP.
1204 1324 1432 1379 recudit.
1463 1323 1599 1393 Cum
1621 1322 1775 1376 nobis
1800 1320 2377 1393 deficiant‘testimonia
2407 1319 2634 1373 aliorum
2650 1328 2779 1393 ‘tum
2809 1321 3057 1393 codicum
3107 1330 3217 1393 tum
3263 1319 3639 1389 collector'um,

361 1388 573 1451 nullum
602 1394 774 1462 majus
820 1394 1060 1447 veritatis
1090 1402 1461 1461 argumentum
1490 1392 1682 1462 afferre
1706 1405 2007 1462 possumus.
2052 1388 2420 1462 Suppositum_
2438 1398 2617 1462 autem
2642 1388 2805 1462 fuisse
2832 1390 3066 1462 Maximo
3088 1392 3341 1462 dictionis
3368 1388 3643 1446 dissimili?-

363 1465 501 1534 tydo
547 1457 724 1534 palam
778 1462 923 1517 facit.
968 1457 1189 1519 [ascribi
1232 1472 1487 1523 oportere
1523 1461 1593 1516 de
1620 1457 2062 1523 Aniiuntiatioue,
2094 1457 2201 1512 non
2238 1473 2368 1512 vero
2392 1457 2458 1512 de
2488 1458 2885 1528 Assumptione,
2910 1461 3136 1528 quisque
3162 1461 3409 1516 eumdem
3440 1462 3645 1529 legens,

364 1524 530 1604 plane
550 1524 862 1600 cognoscet.

364 1643 1194 1701 Aucuuexruu.-—-Ineuarrabili
1223 1644 1371 1697 modo
1403 1644 1552 1697 beata
1576 1641 1955 1695 Mariaexstitit

2061 1652 2195 1694 cana
2223 1640 2485 1710 viscerum
2513 1654 2665 1693 sacra
2694 1640 2926 1710 Spiritus
2948 1641 3275 1697 fecunditate
3302 1641 3529 1709 repleta,
3589 1648 3647 1695 et

442 1724 609 1769 mater
636 1726 683 1767 el
709 1716 879 1783 virgo;
910 1715 1199 1784 rirgogaute
1230 1714 1544 1784 ronjugium,
1594 1712 1646 1763 in
1693 1710 1954 1784 conjugio,
1988 1712 2034 1772 Β
2061 1716 2178 1784 erat
2204 1722 2328 1784 spes
2349 1707 2401 1760 in
2432 1718 2608 1784 partu,
2629 1707 2905 1784 quodnon
2937 1710 3096 1784 fuerit
3124 1707 3646 1784 voluptas—inmitu.

443 1800 741 1854 praegnans,
771 1779 1006 1854 pariens;
1033 1782 1157 1837 data
1202 1779 1410 1845 marito,
1462 1790 1513 1835 et
1553 1790 1720 1834 mater
1748 1779 1866 1834 noni
1897 1779 1959 1833 de

446 1857 656 1908 marito.

446 1986 712 2047 Scientes,
766 1982 957 2037 fratres
1000 1982 1281 2049 rarissimi,
1323 1980 1527 2035 auctori
1577 1988 1763 2049 nostro
1794 1977 1963 2049 multa

375 2072 479 2111 nos
507 2056 703 2108 debere
729 2053 995 2127 conditos,
1041 2054 1163 2122 plus
1206 2052 1530 2127 redemptos,
1580 2048 1966 2127 redemptionis

373 2132 579 2179 nostra:
609 2123 989 2177 commercium
1019 2118 1355 2182 veneremur,
1389 2118 1443 2174 et
1471 2121 1619 2173 illum
1666 2118 1967 2172 sacratissi-

375 2208 527 2247 mum
558 2200 768 2246 utcrum
797 2207 864 2245 ex
893 2208 999 2260 quo
1028 2192 1229 2245 homini
1282 2190 1423 2244 Deus
1467 2189 1648 2260 unitus
1695 2187 1962 2260 apparuit,

378 2264 487 2318 etsi
537 2276 643 2315 non
687 2257 927 2329 quimus’
951 2262 1173 2324 meritis,
1207 2260 1396 2313 saltem
1426 2259 1758 2329 celebremus
1804 2257 1966 2329 obse-

422 2333 555 2396 uiis;
588 2325 821 2386 scientes
849 2332 1047 2383 erroris
1095 2330 1266 2384 nostri
1321 2328 1570 2383 tenebras
1615 2335 1801 2395 partus
1848 2325 1967 2396 ejus

402 2394 588 2469 iilgore
635 2400 925 2470 depulsus:
970 2399 1092 2468 quia
1143 2398 1286 2466 quod
1336 2414 1433 2467 per
1455 2394 1771 2470 protoplasti
1798 2394 1969 2461 negli-

367 2466 616 2540 gentiam
637 2466 823 2540 primm
845 2466 1028 2540 matris
1047 2466 1465 2540 contumax'tani
1481 2466 1782 2533 arrogantia
1805 2479 1967 2532 quam

372 2536 507 2610 gula
537 2536 861 2610 perdiderat,
885 2536 1043 2610 hujus
1072 2552 1237 2610 sacrae
1264 2536 1710 2610 Virginispartus
1739 2550 1848 2588 non
1879 2548 1968 2610 se-

379 2602 496 2663 ium
537 2602 865 2663 restauravit
910 2602 1107 2669 diruta,
1138 2606 1230 2660 sed
1259 2602 1421 2659 etiam
1450 2602 1635 2659 tribuit
1656 2611 1877 2657 mterna.
1902 2602 1969 2655 Et

376 2679 583 2732 idcirco
612 2677 816 2732 cunctis
844 2676 1125 2744 pneconiis
1160 2689 1481 2729 veneremur
1507 2674 1968 2744 auctrice_m,qu:c

380 2748 513 2801 dum
554 2754 827 2800 auctorem
844 2742 1010 2797 suum
1046 2746 1291 2813 concepit
1314 2760 1344 2797 e
1372 2744 1526 2807 cmlo,
1555 2743 1711 2798 nobis
1733 2742 1967 2795 Redem-

377 2825 597 2887 ptorcm
620 2815 886 2887 genuitin
913 2815 1127 2887 _s:eculo.
1154 2813 1218 2867 Et
1246 2814 1370 2887 quia
1390 2813 1457 2866 ad
1488 2814 1656 2887 vicem
1685 2813 1735 2865 ei
1784 2813 1970 2887 matris

382 2880 589 2941 nostra:
618 2880 869 2939 Ecclesim
907 2882 1073 2936 forma
1103 2880 1465 2945 constituitur,
1516 2883 1630 2951 ipsa
1660 2896 1777 2935 eam
1832 2880 1971 2951 inter

382 2954 651 3025 procellas
676 2954 856 3025 smculi
900 2952 1193 3025 ferventes
1217 2950 1617 3025 aspiciat;_ipsa
1643 2952 1803 3025 etiam
1833 2950 1972 3004 inter

380 3021 573 3078 cursus
627 3023 942 3088 mundiales,
995 3021 1302 3091 quotidiana
1358 3022 1602 3075 oratione
1641 3021 1965 3091 confoveat:

386 3110 561 3163 neque
588 3093 729 3146 enim
759 3092 976 3163 dubium
998 3089 1123 3159 quin
1147 3108 1210 3163 ea
1233 3106 1352 3163 qua;
1372 3092 1567 3163 meruit
1592 3106 1690 3163 p_r_o
1738 3089 1969 3163 liberan-

385 3158 746 3231 dis'pretium,
771 3162 939 3230 possit
961 3158 1216 3231 impertiri
1246 3158 1573 3231 suffragium.
1620 3159 1810 3212 Nostra
1833 3159 1971 3231 inter

386 3178 471 3217 (IIS
492 3178 746 3231 pretium,
771 3178 939 3230 ροεειι
961 3178 1029 3214 ιιιι
1070 3178 1216 3215 θΓιιΓι
1246 3178 1573 3226 suuragtum.
1620 3178 1810 3212 l‘OSll‘a
1833 3178 1971 3211 llllel'

386 3232 505 3286 hmc
527 3233 698 3307 oratio
730 3232 898 3307 magis
929 3231 995 3307 ad
1026 3178 1308 3283 Bominum
1338 3228 1614 3307 dirigatur,
1640 3236 1699 3280 ut
1725 3242 1825 3307 pro
1874 3228 1973 3307 he-

388 3317 523 3355 nore
543 3303 623 3355 sui
646 3297 877 3356 nominis
904 3301 1109 3353 viscera
1130 3316 1250 3368 qua:
1270 3297 1704 3368 sanctificaturus
1734 3297 1969 3368 intravit,

385 3371 671 3425 sedulitate
698 3370 876 3425 debita
898 3365 1235 3424 veneremur.
1269 3366 1447 3421 Prosit
1493 3367 1646 3421 nobis
1694 3365 1760 3419 ad
1789 3380 1971 3420 reme-

386 3441 557 3503 dium,
581 3440 724 3508 quod
764 3455 859 3509 per
887 3455 1003 3493 eam
1034 3454 1091 3493 se
1121 3438 1285 3509 nobis
1314 3436 1744 3509 deditpretium.
1777 3434 1971 3489 Merito

385 3510 573 3577 itaque
598 3506 780 3563 beata
813 3509 1067 3577 singulari
1118 3507 1284 3561 Maria
1315 3522 1345 3559 a
1368 3506 1521 3560 nobis
1545 3506 1973 3577 attollitur,_qu:c

385 3575 661 3645 singulare
690 3575 1071 3633 commercium
1097 3578 1299 3631 mundo
1326 3576 1802 3646 prazbuitrmerito
1834 3575 1975 3646 inter

388 3649 617 3701 feminas
640 3657 750 3701 tum
773 3649 933 3701 etiam
959 3648 1255 3710 lmtabatur,
1287 3645 1410 3701 cum
1431 3645 1752 3713 singularem
1801 3645 1973 3699 medi-

388 3719 569 3772 cinam
598 3718 790 3787 pudica
820 3717 940 3770 alvo
980 3716 1242 3787 gestabat.
1292 3716 1570 3787 Sentiebat
1594 3715 1819 3787 quidem
1839 3730 1977 3787 pon-

389 3789 522 3841 dera
542 3788 761 3850 ventris,
788 3803 903 3856 qua:
927 3786 1182 3855 pudorem
1223 3802 1329 3841 non
1361 3786 1666 3856 perdiderat
1693 3786 1972 3856 castitatis;

392 3857 691 3910 mirabatur
716 3855 900 3925 partus
947 3856 1195 3924 insignia,
1224 3871 1343 3925 qua:
1369 3855 1525 3909 nulla
1555 3862 1781 3910 noverat
1824 3855 1974 3922 virgo

391 3927 662 3993 contagia.
695 3924 739 3979 Ο
767 3928 901 3979 bene
927 3924 1151 3979 fecunda
1177 3924 1469 3993 virginitas,
1493 3940 1613 3993 qua:
1637 3940 1778 3980 novo
1820 3925 1974 3979 inau-

391 3997 615 4063 ditoque
637 4009 834 4063 genere
854 4003 907 4049 et
932 4005 1105 4049 mater
1131 3996 1482 4064 efficipossit,
1505 4005 1559 4049 et
1587 3994 1768 4063 virgo!
1800 3993 1976 4065 Pepe-

392 4067 464 4120 rit
492 4066 635 4119 enim
684 4074 844 4132 atque
884 4067 1134 4134 portavit,
1164 4066 1216 4118 in
1241 4080 1348 4132 quo
1377 4073 1557 4119 creata
1584 4065 1979 4134 existittsiqui—

393 4136 520 4189 dem
569 4136 682 4203 ipse
711 4144 793 4189 est
836 4132 1046 4204 auctor,
1075 4134 1253 4187 Marte
1281 4134 1371 4204 qui
1408 4141 1564 4186 natus
1593 4140 1676 4186 est
1700 4148 1765 4187 ex
1788 4132 1973 4187 Maria.

393 4205 487 4258 Sic
536 4204 881 4258 inenarrabili
928 4203 1088 4257 modo
1144 4203 1308 4257 beata
1331 4203 1493 4257 Maria
1524 4211 1697 4255 mater
1723 4210 1780 4256 et
1806 4204 1976 4270 virgo,

394 4274 525 4327 dum
555 4274 781 4328 fructum
819 4273 1195 4342 praegnationis
1224 4274 1454 4342 excepit,
1510 4272 1835 4338 integritatis
1872 4274 1981 4325 dis-

395 4343 650 4413 pendium
677 4358 782 4397 non
813 4344 1050 4397 incurrit.
1075 4342 1229 4413 Apud
1259 4358 1418 4410 quam
1438 4343 1512 4413 ita
1540 4342 1772 4413 caalestis
1798 4342 1978 4411 provi-

2062 1777 2332 1849 Stupebat‘
2350 1778 2733 1849 pretiosissima
2756 1777 3022 1847 Genitrix,
3046 1788 3100 1835 et
3130 1777 3269 1849 apud
3292 1796 3350 1834 se
3373 1781 3534 1834 tacita
3563 1796 3650 1833 τες

2024 1885 2031 1893 .
2064 1846 2451 1916 rurnnovitatc
2475 1847 2790 1901 mirabatur.
2824 1846 3123 1903 Verebatur
3143 1846 3277 1903 :estu
3307 1849 3650 1916 cogitationis

2062 1915 2334 1984 ambigua;
2353 1922 2409 1967 et
2431 1917 2677 1982 perculsa
2724 1918 2978 1983 angelicae
3024 1919 3361 1972 salutationis
3383 1915 3652 1984 imaguift-

2064 1984 2241 2038 centia
2288 1983 2703 2053 obstupescebat
2730 1987 3064 2040 mirabiliter.
3109 1987 3299 2041 Sciens
3325 1988 3464 2041 enim
3496 1983 3651 2041 Suam

2066 2052 2451 2120 integritatem,
2502 2054 2797 2107 mirabatur
2849 2057 3050 2109 ventris
3100 2056 3419 2111 ubertatem.
3456 2056 3652 2110 Ofclix

2067 2122 2266 2194 Maria!
2295 2137 2327 2174 o
2356 2123 2583 2194 genitrix
2618 2123 2879 2190 gloriosa!
2914 2140 2946 2179 ο
2975 2140 3239 2194 puerpera
3269 2126 3530 2187 sublimis,
3561 2140 3655 2194 cu;

2062 2192 2152 2262 jus
2197 2192 2493 2262 visceribus
2532 2201 2728 2262 auctor
2764 2194 2885 2247 mali
2919 2192 3178 2262 terneqite
3202 2194 3575 2248 committitur.
3606 2192 3651 2247 0

2066 2260 2244 2315 felicia
2273 2260 2455 2330 oscula
2480 2260 2641 2314 labris
2672 2262 2929 2330 impressa
2960 2260 3308 2317 lactentibus!
3343 2278 3463 2317 cum
3512 2264 3653 2318 inter

2066 2338 2214 2403 c_erta
2241 2329 2434 2403 indicia
2461 2329 2759 2403 reputantis
2785 2330 3040 2397 infantize,
3072 2341 3131 2386 ut
3152 2342 3282 2403 pote
3301 2348 3460 2403 ve_rus
3499 2348 3566 2387 ex
3598 2340 3653 2387 te

2070 2400 2209 2454 ﬁlius
2257 2399 2353 2452 tibi
2395 2400 2554 2453 matri
2595 2400 2857 2455 alluderet
2886 2419 2899 2454 :
2930 2418 3051 2457 cum
3080 2399 3237 2457 verus
3265 2418 3332 2457 ex
3352 2400 3514 2456 Patre
3543 2403 3653 2457 Do-

2068 2471 2246 2541 minus
2292 2469 2597 2541 imperaret.
2647 2470 2779 2523 Nam
2821 2480 3099 2527 auctorem
3148 2480 3299 2527 tuum
3330 2474 3443 2541 ipsa
3471 2472 3655 2526 conci-

2068 2540 2223 2609 piens
2249 2537 2483 2602 edidisti,
2512 2538 2563 2591 in
2593 2545 2839 2611 tempore
2862 2557 3177 2611 pauperem,
3202 2537 3363 2610 queui
3390 2541 3655 2595 habueras

2070 2616 2211 2683 ante
2225 2616 2468 2683 tempora
2497 2609 2926 2683 conditoremIO
2968 2609 3095 2666 felix
3140 2609 3502 2683 puerperium,
3534 2611 3654 2664 lau-

2070 2678 2248 2750 dabile
2281 2679 2509 2750 sanctis,
2543 2680 2903 2733 necessarium
2932 2678 3175 2750 perditis,
3208 2678 3499 2750 congruum
3530 2695 3655 2750 prof

2071 2746 2292 2821 fligatis!
2318 2746 2418 2812 Qui
2445 2756 2571 2821 post
2591 2750 2788 2821 multas
2815 2746 3103 2821 assumpta:
3123 2746 3561 2821 carnisinjnrias,
3586 2748 3654 2821 ad

2071 2817 2318 2889 ultimum
2365 2817 2679 2872 verberatus
2726 2817 2967 2886 flagellis,
2999 2817 3218 2889 potatus
3244 2819 3385 2886 felle,
3415 2818 3657 2889 patibulo

2071 2885 2281 2951 affixus,
2314 2893 2372 2939 ut
2397 2901 2580 2939 veram
2625 2885 2849 2941 matrem
2879 2885 3207 2955 ostenderet,
3238 2885 3430 2943 verum
3471 2904 3529 2942 se
3558 2887 3657 2941 ho-

2073 2956 2274 3011 minem
2295 2955 2546 3024 patiendo
2576 2963 2842 3011 tormenta
2870 2960 3209 3013 monstravit.
3241 2955 3323 3013 Tu
3348 2974 3479 3012 vero
3500 2957 3657 3011 beata

2074 3033 2129 3099 et
2150 3098 2153 3099 ν
2177 3026 2410 3099 gloriosa
2462 3025 2611 3099 virgo
2666 3025 2832 3099 Maria
2851 3028 2914 3099 in
2946 3030 3060 3083 istis
3088 3037 3145 3082 et
3169 3035 3389 3099 pr0pter
3411 3029 3512 3081 ista
3542 3027 3659 3099 lau-

2027 3092 2043 3133 ὶ
2074 3092 2283 3156 dabilis,
2308 3110 2429 3163 quae
2448 3095 2525 3148 sic
2550 3092 2891 3150 fecunditatis
2918 3092 3412 3161 meruisti'donum,
3445 3106 3504 3151 ut
3556 3096 3661 3149 vir-

2046 3164 2313 3234 ginitatis
2342 3179 2449 3217 non
2480 3165 2755 3234 amitteres
2780 3167 3137 3234 privilegium.
3182 3168 3261 3221 Tu
3313 3169 3456 3221 enim
3502 3167 3661 3219 bene-

2071 3232 2212 3285 dicta
2260 3233 2399 3304 inter
2451 3231 2721 3304 mulieres,
2767 3231 2824 3286 t'u
2851 3231 3134 3304 przeélecta
3160 3239 3366 3291 cunctis
3394 3236 3659 3304 virginum

2071 3300 2330 3374 catervis,
2352 3308 2407 3353 tu
2429 3302 2668 3374 sequeris
2689 3300 2897 3374 Agnuin
2929 3321 3251 3374 quocunque
3279 3308 3420 3360 ierit.
3451 3300 3531 3358 Tu
3552 3306 3660 3357 vir-

2072 3372 2258 3439 gineos
2286 3372 2482 3423 choros
2505 3370 2571 3423 ab
2600 3370 2883 3427 inccntivis
2910 3370 3087 3428 carnis
3116 3370 3381 3429 illecebris
3427 3376 3653 3436 alienos,

2073 3456 2172 3511 per
2200 3440 2437 3511 albentia
2467 3439 2575 3492 lilia
2619 3456 2876 3511 rosasque
2922 3453 3209 3498 vernantes
3247 3444 3311 3497 ad
3344 3443 3544 3496 fontem
3566 3456 3662 3511 pe-

2074 3510 2257 3564 rennis
2301 3510 2425 3563 vitae
2470 3510 2738 3578 potandos
2766 3511 2979 3566 invitas.
3021 3513 3101 3566 Tu
3144 3514 3196 3566 in
3234 3514 3323 3567 illa
3353 3510 3660 3566 felicissima

2072 3581 2293 3647 regione
2316 3580 2598 3651 beatorum
2634 3581 2862 3650 primam
2890 3582 3201 3649 dignitatem
3226 3583 3443 3651 adepta,
3462 3581 3663 3650 plantis

2073 3650 2300 3705 roscidis
2326 3649 2601 3715 oberrans,
2634 3649 2774 3704 inter
2800 3652 3034 3719 paradisi
3057 3649 3414 3717 amotnitates,
3447 3649 3501 3703 et
3538 3662 3662 3719 gra-

2074 3719 2499 3800 minces_cboros
2522 3718 2941 3800 teneronpoplite
2960 3738 3208 3800 pergeits,
3242 3722 3491 3800 felicique
3521 3718 3658 3800 pal-

2076 3805 2162 3861 ma
2194 3789 2360 3861 violas
2390 3789 2859 3861 immarcescibiles
2888 3789 3083 3861 carpis.
3116 3792 3193 3845 Tu
3222 3794 3364 3846 enim
3393 3789 3663 3861 mentibus

2076 3859 2193 3912 sine
2243 3858 2347 3913 fine
2375 3860 2575 3913 sanctis
2619 3859 2926 3927 conjuncta,
2978 3858 3180 3928 angelis
3224 3860 3663 3928 archangelisque

2078 3929 2284 3983 sociata
2308 3928 2669 3983 indesinenter
2694 3944 2828 3984 voce
2876 3931 3139 3987 indefessa
3186 3933 3483 3992 clamitare,
3523 3928 3662 3982 San-

2078 4007 2216 4063 ctus,
2244 3996 2491 4061 Sanctus,
2522 3998 2768 4062 Sanctus,
2802 4016 2909 4055 non
2939 4002 3157 4056 desinis.
3181 4001 3288 4055 Sed
3324 4001 3450 4068 quid
3489 3998 3665 4053 dicam

2079 4083 2282 4141 pauper
2309 4069 2558 4134 ingenio?
2586 4069 2883 4141 cumdete
2929 4072 3186 4141 quidquid
3232 4071 3441 4141 dixero,
3489 4069 3666 4123 minus

2079 4138 2323 4205 profecto
2353 4145 2456 4202 est,
2479 4152 2639 4203 quam
2666 4138 2894 4203 dignitas
2918 4138 3005 4192 tua
3036 4138 3293 4193 meretur.
3338 4140 3395 4193 Si
3438 4146 3665 4192 matrem

2056 4206 2317 4276 gentium
2337 4219 2552 4276 vocem,
2571 4207 2863 4276 prmcellis;
2895 4208 2941 4260 si
2966 4208 3189 4261 formam
3232 4209 3326 4262 Dei
3372 4209 3661 4276 appellem,

2082 4274 2479 4345 dignaexistis;
2512 4275 2558 4328 si
2588 4275 2849 4345 nutricem
2880 4277 3113 4330 caelestis
3138 4277 3292 4345 panis
3337 4274 3547 4339 vocem,
3581 4276 3663 4327 la-

2084 4344 2184 4399 ctis
2230 4343 2511 4398 dulcedine
2554 4343 2750 4412 reples.
2794 4342 2957 4399 Laeta
2986 4342 3350 4413 ergofmater,
3375 4344 3550 4398 cibum
3576 4358 3665 4413 rio-

398 4412 583 4485 dentia
614 4413 811 4485 negotii
842 4413 1006 4485 ipsius
1028 4412 1389 4485 conditionem
1419 4412 1700 4485 disposuit,
1726 4412 1980 4485 ut‘magis
2009 4427 2055 4485 ι)
2081 4421 2273 4485 strum,
2324 4413 2458 4467 laeta
2495 4428 2688 4482 panem
2714 4415 3009 4485 omlestem,
3042 4417 3175 4469 laeta
3224 4415 3403 4485 cibum
3442 4412 3663 4485 angelo-

397 4480 763 4536 obedientiam
813 4480 1092 4536 eihibcret
1129 4482 1401 4545 mandato,
1433 4497 1592 4551 quam
1621 4480 1977 4536 honorificen-

399 4552 531 4604 tiam
576 4567 726 4605 suam
766 4560 1079 4619 agnosceret
1099 4566 1167 4605 ex
1195 4552 1406 4619 angelo.
1436 4551 1618 4620 Neque
1647 4553 1788 4604 enim
1821 4551 1979 4605 fidem

397 4621 629 4687 derogat
660 4623 847 4685 nuntii,
880 4636 1001 4689 qua:
1046 4622 1360 4689 dignitatem
1391 4621 1636 4688 intelligit
1691 4622 1983 4676 nuntiantis

397 4692 503 4745 sibi
526 4692 699 4757 angeli
722 4707 786 4745 ac
806 4690 1031 4761 dicentis
1058 4692 1325 4761 {Spiritus
1355 4691 1909 4761 sanctuesuperveniet
1926 4692 1983 4761 in

401 4769 472 4822 te,
504 4769 555 4813 et
582 4763 739 4813 virtus
762 4760 1011 4814 Altissimi
1037 4758 1359 4813 obumbrabit
1381 4760 1491 4812 tibi.
1518 4758 1741 4829 Ideoque
1772 4767 1821 4829 et
1848 4760 1984 4829 quod

400 4839 644 4899 nascetur
672 4846 737 4884 ea:
781 4840 828 4884 te
866 4839 1101 4883 sanctum
1141 4831 1399 4884 vocabitur
1428 4829 1473 4881 F
1476 4830 1598 4882 ilius
1629 4827 1725 4882 Dei
1746 4827 1894 4899 (Luc.
1918 4827 1978 4898 ι).

399 4898 644 4953 Credidit
667 4900 940 4954 admonita
988 4913 1106 4968 qua:
1145 4900 1368 4963 audivit,
1414 4899 1609 4953 meruit
1654 4898 1982 4953 sanctificata

399 4968 549 5037 quod
571 4969 817 5037 credidit.
840 4967 1077 5037 Denique
1100 4976 1305 5023 tantum
1325 4983 1385 5023 se
1404 4969 1472 5022 ad
1489 4968 1607 5023 cmli
1630 4967 1839 5037 fastigia
1858 4968 1985 5023 sub-

310 5029 321 5051 ⁴
401 5029 725 5108 Εενενὶιλυι
742 5035 974 5093 Verbum
992 5029 1063 5091 'in
1092 5038 1357 5108 principio
1385 5038 1526 5108 apud
1574 5029 1783 5108 Deum:
1823 5039 1874 5094 id
1902 5044 1984 5093 est

400 5106 599 5179 Filium
629 5107 698 5179 de
723 5122 929 5179 summa
956 5108 1076 5162 οωιί
1093 5105 1226 5162 arce
1253 5105 1570 5179 susceperit.
1601 5105 1842 5179 Cumque
1866 5123 1985 5179 my-

402 5178 600 5231 sticum
627 5177 917 5231 divinitatis
940 5192 1193 5231 arcanum
1214 5177 1364 5232 carni
1388 5185 1585 5233 nostrae
1606 5177 1986 5245 fragilitatique

403 5247 801 5311 commisceret,
836 5245 989 5301 latuit
1016 5246 1070 5300 in
1098 5246 1315 5302 homine
1334 5247 1603 5313 divinitas,
1630 5255 1715 5313 Aut
1764 5248 1819 5302 in
1847 5247 1983 5302 divi-

404 5316 580 5397 nitate
601 5332 709 5397 non
737 5318 938 5397 periret
954 5315 1274 5397 humanitas.
1309 5315 1378 5370 Et
1402 5318 1502 5397 sub
1522 5393 1530 5397 Α
1542 5311 1851 5397 velamento

403 5386 704 5456 absumpta:
738 5384 943 5456 'camis
989 5384 1356 5456 absconditur.
1396 5384 1704 5456 iPretiosius
1757 5384 1985 5441 redemit

403 5453 673 5526 perditos,
708 5470 871 5526 quam
916 5453 1165 5509 defensos
1192 5462 1248 5509 et
1296 5455 1363 5510 ab
1391 5455 1692 5526 imminenti
1719 5456 1875 5511 hoste
1895 5471 1986 5510 ca-

404 5525 608 5595 ptivos.
655 5524 914 5595 lminensa
942 5526 1141 5595 pietas,
1185 5532 1239 5579 et
1267 5539 1428 5595 super
1449 5541 1608 5595 quam
1647 5524 1746 5579 fari
1793 5527 1980 5594 possit,

405 5594 749 5662 prtedicanda
795 5594 1066 5663 maiestas,
1097 5594 1304 5650 viscera
1334 5594 1544 5665 puellae
1572 5595 1770 5663 Spiritu
1799 5605 1985 5652 sancto

406 5665 775 5736 replebantur,
803 5674 963 5733 atque
998 5664 1480 5736 innupkeVirginis
1501 5673 1684 5736 uterus
1713 5665 1873 5719 Verbi
1900 5680 1986 5720 se-

408 5734 557 5791 mine
595 5742 872 5792 crescente
902 5734 1163 5805 turgebat.
1212 5735 1597 5807 Replebantur,
1628 5735 1864 5806 inquam,
1895 5750 1982 5789 ar-

379 5829 414 5847 ,-

358 5850 383 5869 π

2083 4500 2220 4547 rum,
2254 4484 2389 4537 laeta
2413 4481 2534 4538 eum
2556 4485 2645 4554 qui
2676 4484 2841 4539 talem
2874 4484 2999 4539 fecit
3022 4493 3093 4549 te,
3126 4494 3183 4538 ut
3200 4485 3313 4554 ipse
3343 4482 3495 4537 fieret
3519 4481 3570 4534 in
3581 4490 3661 4554 te.

2086 4554 2187 4621 Qui
2214 4554 2307 4607 tibi
2337 4569 2530 4608 munus
2558 4551 2901 4610 fecunditatis
2928 4556 3105 4610 attulit
3126 4551 3442 4623 con—ceptus,
3474 4558 3528 4605 et
3563 4551 3665 4603 de-

2085 4638 2180 4678 cus
2221 4624 2539 4691 virginitatis
2592 4640 2699 4679 non
2751 4626 2970 4681 abstulit
3014 4635 3190 4680 natus.
3228 4622 3328 4689 Qui
3354 4623 3663 4693 priusquam

2086 4689 2421 4759 nasceretur,
2457 4704 2507 4748 te
2537 4703 2763 4748 matrem
2810 4696 3032 4761 creavit,
3062 4703 3120 4748 ut
3158 4695 3304 4748 illinc
3347 4689 3667 4761 procederet

2084 4762 2151 4831 de
2182 4758 2419 4831 thalamo
2449 4777 2566 4831 suo,
2591 4778 2699 4831 quo
2722 4758 3037 4818 mortalibus
3065 4764 3233 4818 oculis
3263 4758 3445 4831 posset
3472 4758 3661 4831 videri.
3724 4790 3727 4791 ν

2086 4829 2297 4895 Quanta
2345 4830 2444 4883 fuit
2492 4827 2624 4885 hzec'
2651 4832 2910 4898 dignatio,
2947 4843 3003 4886 ut
3031 4827 3306 4887 crearetur
3333 4846 3400 4885 ex
3432 4838 3484 4883 te
3528 4827 3661 4891 Rex,

2085 4914 2245 4967 quam
2280 4900 2522 4970 _creavit;
2556 4910 2860 4969 portaretur
2896 4904 3141 4956 manibus
3164 4917 3295 4970 quas
3323 4898 3543 4970 creavit,
3571 4913 3665 4970 su-

2087 4965 2237 5036 geret
2264 4968 2371 5092 Ag
2420 4965 2581 5024 ubera
2609 4986 2727 5041 qucc
2756 4972 3029 5041 implevit?
3079 4965 3222 5036 Quas
3249 4969 3430 5039 itaque
3481 4965 3667 5047 laudes

2087 5040 2297 5092 caritati
2372 5040 2423 5092 ei
2442 5040 2697 5092 dicemus.
2727 5056 2859 5092 quas
2887 5042 3084 5092 gratias
3108 5041 3158 5092 ei
3202 5053 3438 5092 agemus.
3470 5039 3559 5092 aui
3590 5045 3665 5090 ita

2087 5036 2308 5093 caritati
2329 5036 2423 5094 Dei
2442 5036 2697 5106 dicemus,
2727 5036 2859 5108 quas
2887 5042 3084 5109 gratias
3108 5041 3158 5094 ei
3202 5036 3438 5108 agemus,
3470 5039 3559 5106 qui
3590 5036 3665 5090 ita

2086 5124 2186 5162 nos
2209 5110 2431 5190 _d‘i_lex_it,
2484 5118 2543 5163 ut
2570 5117 2809 5190 propter
2846 5126 2945 5190 nos
2973 5112 3135 5190 homo
3166 5109 3424 5190 fierethut
3450 5118 3662 5190 uterum

2086 5179 2410 5233 conditionis
2460 5176 2657 5233 nostra:
2686 5176 2931 5247 intraret,
2962 5188 3022 5234 ut
3067 5179 3421 5235 contumelias
3445 5176 3553 5231 nati
3582 5176 3665 5229 in-

2087 5248 2247 5324 fantis
2272 5250 2492 5324 subiret,
2524 5257 2584 5303 ut
2610 5257 2802 5303 cuncta
2838 5249 3197 5324 humanitatis
3214 5248 3514 5324 necessaria
3542 5259 3664 5324 sus-3

2090 5319 2319 5372 tineret?
2361 5318 2591 5385 Agentes
2616 5332 2745 5387 ergo
2784 5326 3042 5387 quantum
3081 5318 3375 5374 sufficimus
3419 5316 3666 5371 Creatori

2092 5395 2278 5442 nostro
2308 5389 2525 5456 gratias,
2552 5389 2784 5442 natalem
2812 5388 3207 5457 pretiosissimae
3234 5388 3520 5457 Genitricis
3542 5398 3665 5439 cum

2091 5456 2284 5525 gaudio
2323 5457 2671 5528 celebremus.
2702 5456 2928 5525 Dignum
2977 5474 3209 5528 namque
3255 5467 3339 5515 est
3363 5466 3433 5528 ut
3463 5456 3511 5510 ei
3540 5468 3666 5528 eum

2091 5523 2312 5600 summa
2328 5523 2984 5600 devotionegfamulemur,
3005 5544 3103 5600 per
3117 5523 3289 5600 quam
3313 5527 3469 5600 nobis
3506 5523 3665 5590 virgio

2093 5596 2277 5677 uitatis
2300 5597 2523 5677 insignia
2550 5597 2882 5677 pullularunt
2908 5617 2919 5651 :
2953 5596 3216 5677 siquidem
3248 5600 3359 5677 ipsa
3391 5597 3555 5677 _virgo
3579 5607 3669 5677 ex-

2093 5666 2228 5719 stitit
2270 5673 2394 5738 ante
2441 5666 2766 5736 conjugium,
2795 5670 2946 5738 virgo
2976 5666 3035 5724 iii
3056 5666 3322 5737 conjugio,
3354 5666 3501 5733 virgo
3529 5674 3666 5738 νιπ-

2093 5747 2285 5806 gnans,
2332 5736 2482 5805 virgo
2531 5738 2767 5807 pariens,
2810 5736 2961 5810 virgo
2999 5740 3123 5795 data
3160 5736 3383 5809 marito,
3410 5744 3465 5791 et
3492 5737 3668 5787 mater
