4138 6196
342 326 457 384 869

1791 314 2022 378 SERMO
2055 314 2189 378 XIII.

3490 328 3592 380 871i

1732 437 1999 498 εει).Μο
2042 436 2215 495 xm.
2318 504 2332 517 ,
2560 512 2563 517 ί

1354 535 1419 590 In
1441 536 1607 591 natali
1633 536 1739 592 SS.
1763 547 2047 604 martyrum
2079 535 2295 587 Nazarii
2320 542 2366 587 et
2396 533 2528 587 Cclsi
2551 531 2599 587 Ι.

1775 643 2161 699 ADMONITIO.

417 740 586 810 Huius
611 738 894 810 sermonis,
924 751 1096 810 quem
1111 737 1165 791 in
1194 735 1559 810 Ambrosianis
1577 735 1892 810 Guillelmus
1910 735 2120 810 Caveus
2147 728 2371 788 noverat
2399 733 2526 788 edit.
2559 749 2687 810 opp:
2711 733 2768 787 S.
2800 733 3044 810 Ambros.
3072 733 3422 810 ParisalﬁGQ,
3454 752 3599 791 num.

342 811 433 874 9'5,
459 803 600 865 idem
628 808 685 863 S.
712 803 996 861 Maximum
1026 805 1188 861 fuisse
1216 807 1402 861 scribit
1426 815 1720 861 auctorem.
1768 805 1877 874 Nos
1900 806 2069 859 satius
2098 818 2217 858 esse
2256 811 2504 874 putamus
2532 805 2777 874 eumdem
2810 805 2861 855 in
2898 803 3076 857 dubiis
3125 804 3337 869 Maximi
3366 820 3597 860 sermon.

340 870 633 934 collocare.
650 878 759 931 Nec
786 876 1080 931 omittimus
1101 875 1390 931 admonere
1414 875 1678 929 sermonis
1699 873 1865 941 hujus
1884 883 2113 943 partem,
2132 887 2161 925 a
2182 870 2364 943 verbis
2386 872 2589 943 scilicet
2621 890 2633 943 ς
2671 870 2822 943 Recte
2869 874 3040 942 itaque
3056 883 3114 943 "et
3139 890 3203 927 ea:
3231 875 3416 937 debila,
3436 890 3601 942 usque

340 951 411 1002 ad
433 949 520 1003 illa
556 966 569 999 :
603 950 769 1000 otiosa
807 945 1151 1014 disputatione
1187 944 1503 1009 contendas,
1537 939 1820 1011 desumpta
1865 939 1985 997 esse
2016 956 2084 999 ex
2112 956 2271 995 serm.
2297 940 2367 994 85
2404 939 2459 994 S.
2493 940 2711 997 Maximi
2764 942 2814 993 in
2855 939 3018 995 uatali
3047 942 3143 996 SS.
3190 943 3481 1014 Martyrum
3512 939 3597 1010 lli,

338 1019 447 1072 col.
481 1016 606 1081 623,
637 1016 843 1083 reliqua
865 1015 933 1068 ab
962 1014 1169 1068 incerto
1197 1021 1418 1068 auctore
1447 1020 1645 1066 assuta.

338 1131 734 1187 Aacuusnruu.
760 1158 833 1170 --
873 1127 1191 1181 Venerantur
1218 1130 1272 1181 in
1302 1136 1595 1181 sanctorum
1636 1132 1921 1193 martyrum
1948 1129 1996 1188 Α
2023 1122 2404 1193 expenderent,
2436 1122 2682 1193 nisiesse
2719 1123 2941 1177 alteram
2970 1123 3454 1192 incomparabiliter
3473 1127 3598 1183 bea-

408 1184 760 1280 gloriafidem
788 1208 1037 1280 nostram.
1072 1196 1140 1280 B._
1160 1193 1451 1278 azarius,
1482 1212 1585 1280 non
1614 1184 1921 1280 ignobilibus

409 1266 709 1342 perennibus
727 1266 1156 1342 oriunduslpoat
1175 1267 1449 1342 innumera
1478 1266 1717 1342 virtutum
1746 1267 1919 1333 signa,

410 1334 529 1410 'post
555 1346 858 1410 peragratas
880 1334 941 1387 ob
967 1334 1157 1410 Christi
1179 1335 1592 1410 praedicationem
1624 1334 1921 1410 innumeras

407 1402 665 1477 regiones,
681 1402 887 1477 tandem
901 1406 1123 1474 perfecto
1137 1402 1317 1474 agonia
1331 1403 1626 1467 certamine,
1644 1419 1757 1455 cum
1774 1402 1919 1456 Celso

406 1474 620 1546 puerulo
642 1474 820 1546 gladio
849 1480 1197 1525 consecratur.

405 1608 631 1665 Etiamsi
660 1605 982 1677 martyribus
1009 1605 1245 1677 regionis
1272 1613 1541 1677 extranea:
1561 1604 1648 1677 pia
1670 1609 1917 1677 votorum

331 1682 519 1738 debita
540 1673 906 1740 redderemus,
936 1676 1167 1743 propriis
1196 1675 1476 1729 consulere
1514 1673 1835 1743 utilitatibus
1862 1682 1919 1728 et

326 1748 640 1806 commodis
662 1741 1283 1816 probarem—prﬁNostros
1318 1744 1458 1797 enim
1502 1758 1596 1797 eos
1625 1741 1753 1816 ﬁdes
1773 1741 1917 1796 face-

328 1828 440 1883 ret,
464 1828 520 1872 et
548 1812 771 1871 remotis
792 1813 1082 1883 quamlibet
1112 1812 1310 1883 ﬁnibus
1324 1821 1537 1883 sperata
1558 1812 1712 1866 nobis
1725 1820 1917 1883 patro-

328 1880 477 1960 cinia
507 1880 876 1960 eoi-rogarent.
923 1881 1530 1960 Studiorumnsiquidem
1574 1888 1698 1960 sunt
1724 1880 1914 1960 hujus-

328 1957 481 2013 modi
505 1949 778 2022 suﬁ'ragia,
808 1966 915 2005 non
944 1951 1202 2022 locorum.
1227 1949 1458 2003 Proinde
1486 1951 1627 2022 apud
1653 1950 1913 2004 domesti-

330 2043 431 2082 cos
450 2024 547 2078 Dei
568 2019 776 2076 tantum
822 2019 1218 2074 intercessionis
1254 2020 1615 2086 promerueris
1658 2026 1913 2086 quantum

330 2093 698 2150 Venerationis
738 2089 1077 2158 impenderis.
1124 2089 1348 2157 Oportet
1394 2088 1575 2158 itaque
1603 2096 1662 2141 ut
1710 2088 1915 2158 alienos

326 2165 516 2234 potius
544 2161 697 2215 nobis
725 2155 967 2234 devotio
1001 2155 1249 2234 religiosa
1277 2155 1548 2234 conciliet,
1578 2171 1736 2234 quam
1775 2155 1913 2234 forte

328 2226 581 2303 proprios
597 2245 629 2283 a
650 2229 804 2283 nobis
830 2227 1150 2303 negligentia
1180 2226 1746 2303 irreligiositemporis
1774 2226 1906 2303 alie-

321 2294 451 2356 iiet:
469 2299 852 2368 Agnoscamus,
882 2296 1166 2361 carissimi,
1188 2296 1332 2368 circa
1355 2294 1909 2368 Ecclesiam_nostram

331 2362 639 2425 uberiorem
670 2366 969 2421 divinorum
997 2380 1280 2418 munerum
1295 2364 1612 2433 largitatem.
1631 2362 1911 2418 Exsultant

328 2436 517 2493 felices
557 2436 883 2504 singularum
924 2434 1137 2504 urbium
1184 2434 1389 2504 populi,
1424 2434 1468 2487 si
1522 2434 1677 2504 unius
1718 2433 1907 2487 saltem

2024 1190 2213 1245 liorem
2254 1192 2488 1259 perfecta
2526 1190 2835 1246 delinitione
2874 1190 3237 1247 sentirentlln
3265 1197 3463 1249 sanctis
3491 1197 3595 1250 ita-

2022 1275 2126 1327 que
2145 1261 2482 1328 prteconibus
2503 1261 2741 1314 veritatis
2761 1263 3165 1315 resurrectionis
3188 1264 3478 1318 auctoritas
3493 1274 3593 1320 est.

2023 1328 2264 1397 Prompti
2298 1329 2445 1400 enim
2475 1337 2703 1400 pereunt
2728 1330 2781 1383 in
2822 1330 3013 1385 melius
3057 1332 3356 1398 reparandi,
3406 1333 3597 1400 quibus

2021 1399 2414 1469 periangustias
2426 1398 2829 1469 tribulationum
2852 1400 3089 1468 aperitur
3108 1401 3283 1469 exitus
3308 1400 3373 1453 ad
3407 1398 3596 1469 ampli-

2021 1465 2261 1538 iudinem
2282 1467 2614 1538 gaudiorum.
2643 1465 2794 1538 Unde
2823 1465 3094 1523 et'beatus
3128 1468 3404 1531 Nazarius,
3445 1465 3595 1538 cujus

2020 1535 2181 1589 hodie
2202 1536 2489 1603 gloriosam
2519 1536 2585 1590 de
2613 1537 2796 1589 mundi
2817 1538 2972 1591 hoste
2994 1538 3271 1592 victoriam
3319 1535 3593 1593 universa-

2020 1605 2084 1658 lis
2114 1603 2350 1659 Ecclesia
2381 1602 2514 1657 festa
2541 1606 2896 1661 exsultatione
2924 1608 3282 1671 concelebrat,
3315 1620 3434 1661 cum
3459 1616 3592 1663 tem-

2016 1689 2149 1744 pore
2177 1674 2492 1744 gentilitatis
2513 1690 2618 1727 non
2650 1675 2971 1741 ignobilibus
2994 1677 3304 1744 parentibus
3333 1677 3591 1732 oriundus

2018 1743 2292 1813 existeret,
2320 1743 2577 1813 sacrilegi
2604 1745 2777 1798 adhuc
2796 1761 2938 1813 puer
2961 1743 3217 1812 genitoris
3243 1745 3487 1799 militiam
3514 1749 3589 1803 si-

2015 1812 2127 1883 mul
2155 1821 2208 1865 et
2236 1811 2531 1865 doctrinam
2549 1811 2890 1883 detestari—ex
2910 1811 3195 1882 improviso
3215 1815 3403 1882 coepit;
3428 1824 3589 1883 atque

2016 1883 2084 1951 ab
2106 1881 2397 1951 innocente
2426 1891 2614 1945 matre,
2644 1898 2762 1951 qua:
2793 1882 2903 1949 jam
2932 1881 3245 1937 Christiana:
3274 1881 3399 1939 ﬁdei
3422 1881 3588 1939 titulis

2015 1950 2281 2016 insignita,
2314 1949 2526 2003 Christo
2554 1949 2736 2003 sedule
2788 1952 3085 2015 insistebat,
3117 1963 3468 2005 sacrosanctm
3496 1969 3586 2009 rc:-

2014 2019 2381 2085 generationis
2405 2017 2605 2089 ﬁuenta
2628 2019 2767 2073 ﬁdeli
2784 2019 2892 2087 jam
2919 2022 3105 2089 spiritu
3125 2035 3196 2078 ac
3219 2019 3319 2075 ﬁde
3348 2022 3589 2076 instituta

2016 2088 2348 2157 pneveniens
2385 2088 2739 2157 demonstrari
2769 2090 2869 2142 sibi
2922 2088 3210 2157 ﬂagitabat.
3243 2090 3485 2143 Nondum
3515 2093 3588 2145 si-

2013 2156 2228 2223 quidem
2278 2156 2599 2223 baptismum
2627 2166 2964 2221 consecutus,
2995 2159 3089 2213 sed
3132 2158 3270 2210 inter
3316 2159 3587 2225 religionis

2050 2226 2270 2293 rincipia
2302 2234 2716 2287 consummatus,
2750 2234 2804 2279 et
2828 2228 3063 2280 nondum
3093 2227 3445 2280 manil'estatis
3483 2228 3585 2281 sibi

2033 2295 2236 2361 egibus,
2268 2293 2377 2363 Deo
2406 2294 2613 2362 plenus,
2646 2302 2868 2362 repente
2891 2296 3160 2363 possessio
3191 2304 3351 2362 atque
3377 2296 3583 2349 habita-

2011 2360 2189 2418 culum
2209 2363 2303 2416 Dei
2337 2360 2507 2433 factus
2532 2372 2644 2427 est;
2676 2360 2836 2431 atque
2865 2360 2935 2417 ita
2958 2360 3292 2433 perventurae
3322 2379 3486 2433 usque
3515 2365 3583 2421 ad

2011 2434 2177 2503 caelos
2227 2432 2390 2485 turris
2416 2431 2562 2503 prius
2587 2433 2797 2503 meruit
2844 2431 3583 2503 elevarefastigium—quam

328 2484 1205 2578 magis;aliquiamgnagnr:
1220 2484 1363 2556 rica
1375 2484 1486 2555 ἠδὲ
1508 2484 1737 2578 populos
1760 2484 1907 2555 an:
1938 2484 1985 2543 Β
2008 2484 2451 2578 agamque:
2477 2484 2923 2578 transenna
2942 2484 3184 2578 satana
3214 2484 3581 2578 sci-same;

326 2571 509 2648 tyrum
538 2571 895 2648 possidemus.
926 2572 1167 2627 Gaudeat
1198 2579 1339 2626 terra
1369 2571 1905 2648 nostranutrixrcw-

328 2638 808 2707 léstium'militum,
826 2650 881 2696 et
897 2649 1162 2695 tantarum
1178 2656 1372 2710 parens
1387 2638 1613 2695 fecunda
1627 2641 1902 2710 virtutum.

327 2714 501 2768 Recte
546 2714 725 2781 itaque
754 2721 809 2765 et
846 2726 914 2765 ex
942 2710 1122 2764 debito
1150 2708 1193 2763 a'
1228 2710 1349 2781 ﬁliis
1388 2711 1627 2781 parentis
1653 2708 1906 2781 Ecclesia;

327 2784 525 2838 horum
554 2777 831 2835 beatorum
854 2787 1147 2849 mai-tyrum
1168 2777 1506 2834 celebrantur
1532 2779 1775 2847 insignia.
1801 2777 1903 2849 Qui

326 2853 695 2906 illuminantes
715 2851 910 2903 virtute
936 2846 1057 2902 ﬁdei
1079 2864 1186 2903 sum
1211 2848 1626 2903 innumerabiles
1648 2846 1900 2916 populos,

324 2922 430 2977 soli
461 2921 676 2990 quidem
723 2919 923 2990 illatam
954 2917 1055 2990 sibi
1081 2933 1299 2990 sensere
1343 2925 1596 2990 mortem,
1644 2917 1739 2971 sed
1791 2932 1901 2990 non

327 2992 430 3045 soli
458 2985 649 3043 mortis
675 3003 784 3041 sua:
810 2986 1072 3041 beneﬁcia
1089 2987 1460 3055 possederunt.
1484 2986 1745 3039 lmmensa
1762 2985 1903 3055 enim

327 3054 428 3114 Dei
459 3059 625 3112 nostri
654 3058 827 3127 pietas
870 3054 1151 3124 multiplex
1184 3056 1257 3127 ad
1286 3056 1598 3127 bonitatem,
1631 3063 1686 3109 et
1711 3054 1903 3127 artifex

326 3129 401 3183 ad
452 3124 697 3191 salutem,
744 3140 1051 3194 proponens
1105 3124 1324 3178 arduam
1371 3125 1626 3177 virtutum
1652 3124 1902 3194 palmam

326 3213 466 3272 raro
498 3191 799 3265 appetitore
828 3191 1137 3272 pretiosam,
1179 3195 1246 3272 in_
1278 3208 1569 3272 paucorum
1597 3191 1898 3272 triumphis,

325 3261 680 3338 plurimorum
726 3261 1024 3338 commodis
1068 3261 1599 3338 piospicitzlllorum
1640 3261 1901 3338 siquidem

325 3329 523 3390 inerita
548 3341 731 3390 nostra
760 3332 871 3386 vult
896 3346 1013 3386 esse
1032 3329 1299 3398 suifragia.
1330 3329 1624 3398 Simulque,
1657 3330 1783 3383 dum
1814 3346 1903 3385 no-

324 3405 414 3458 bis
443 3404 597 3458 ﬁdem
634 3417 815 3458 veram
860 3402 994 3471 duro
1040 3401 1279 3471 martyrii
1324 3413 1494 3466 agone
1537 3399 1897 3471 commendat,

324 3472 673 3527 al'ﬁictionem
702 3470 1113 3541 prtecedentium
1143 3466 1544 3541 instructionem
1575 3466 1739 3541 eﬁicit
1777 3484 1901 3541 ppsf

324 3552 585 3597 terorum.
609 3537 818 3607 Quanta
838 3549 921 3595 est
938 3542 1079 3595 circa
1107 3555 1205 3592 nos
1232 3538 1325 3591 Dei
1365 3539 1533 3591 nostri
1560 3537 1895 3592 sollicitudo!

324 3609 451 3666 Illos
478 3612 768 3669 exanimat,
801 3618 862 3662 ut
887 3625 986 3663 nos
1008 3607 1238 3662 erudiat.
1280 3607 1405 3662 Illos
1445 3607 1695 3670 conterit,
1719 3615 1775 3659 ut
1802 3623 1901 3661 nos

323 3681 588 3748 acquirat,
616 3692 908 3745 eorumque
934 3678 1202 3748 cruciatus
1232 3685 1456 3748 nostros
1475 3676 1586 3729 vult
1609 3690 1741 3748 esse
1770 3692 1899 3748 pro-

323 3745 521 3804 fectus.
562 3748 752 3802 Merito
796 3761 923 3814 ergo
971 3762 1066 3800 eos
1094 3747 1341 3812 colimus,
1371 3746 1461 3813 qui
1508 3745 1755 3814 periculis
1789 3747 1900 3800 suis

322 3826 586 3888 pugnant,
618 3826 672 3871 et
700 3817 896 3871 nostris
935 3816 1250 3888 utilitatibus
1293 3816 1542 3876 militant,
1575 3815 1664 3883 qui
1694 3816 1900 3888 per_lu—-

322 3884 663 3953 cisvvitrcque
690 3892 1055 3953 contemptum
1085 3884 1313 3939 edocent
1354 3900 1453 3940 nos
1498 3892 1758 3953 quantum
1786 3885 1899 3938 Deo

322 3904 403 3943 CIS
433 3904 557 3941 vum
598 3904 663 3940 ue
690 3904 1055 3953 contemptum
1085 3904 1313 3939 800661“.
1354 3904 1453 3940 nos
1498 3904 1758 3953 quantum
1789 3904 1899 3938 ΠΕΟ

322 3966 515 4010 nostro
559 3904 847 4010 debeamus
892 3953 1162 4008 allectum.
1191 3953 1505 4008 Noverimus
1548 3955 1728 4022 itaque
1775 3954 1901 4021 quia

322 4041 432 4080 non
462 4026 580 4080 sine
604 4038 796 4091 magno
815 4023 1121 4077 discrimine
1144 4022 1213 4076 de
1241 4024 1513 4092 religionis
1540 4025 1769 4077 veritate
1789 4023 1893 4077 du-

322 4096 577 4159 bitamus,
600 4109 761 4163 quam
800 4099 1065 4147 tantorum
1091 4093 1349 4161 sanguine
1368 4092 1734 4163 conﬁrmatam
1758 4093 1904 4147 vide-

322 4180 463 4218 mus.
496 4161 671 4231 Magni
717 4162 940 4232 periculi
988 4177 1077 4216 res
1105 4169 1207 4227 est,
1256 4162 1301 4217 si
1346 4169 1470 4230 post
1517 4161 1902 4230 prophetarum

321 4233 559 4296 oracula,
584 4239 705 4301 post
732 4232 1099 4301 apostolorum
1126 4232 1448 4295 testimonia,
1470 4238 1593 4301 post
1611 4238 1903 4301 martyrum

322 4298 860 4365 vulnerafveterém
908 4298 1089 4365 ﬁdem,
1137 4301 1291 4369 quasi
1341 4298 1905 4355 novellamdiscutere

322 4386 641 4441 praesumas,
671 4379 728 4425 et
771 4378 894 4438 post
922 4378 1040 4441 tam,
1077 4369 1388 4441 manifestos
1414 4370 1597 4441 duces
1623 4370 1677 4423 in
1718 4384 1903 4441 errore

325 4439 664 4510 permaneas,
682 4448 738 4494 et
761 4447 885 4508 post
913 4440 1251 4510 morientium
1271 4439 1510 4502 sudores,
1529 4440 1700 4510 otiosa
1730 4439 1907 4510 dispu-

324 4507 534 4564 tatione
559 4507 871 4563 contendas.
903 4507 1345 4575 Congratulamur
1386 4523 1543 4576 ergo,
1575 4509 1903 4563 dilectissimi

323 4579 537 4658 fratres,
566 4592 771 4658 magnm
801 4577 923 4631 ﬁdei
947 4586 1159 4657 vestrm,
1190 4593 1288 4658 per
1312 4592 1491 4658 quam,
1540 4578 1663 4632 dum
1696 4579 1906 4658 essules

324 4648 535 4719 proflua
561 4648 783 4719 caritate
821 4646 1109 4719 suscipitis,
1130 4646 1291 4719 etiam
1321 4646 1525 4719 incolas
1566 4648 1817 4719 paradisi,
1850 4656 1907 4700 et

324 4716 449 4773 ἰωιί
479 4718 621 4771 cives
648 4717 845 4770 habere
872 4716 1160 4770 meruistis.
1184 4716 1404 4769 Beatum
1430 4716 1609 4783 itaque
1626 4716 1904 4768 Nazarium

325 4794 620 4856 martyrem
644 4786 838 4839 Christi
866 4790 1051 4840 sancta
1072 4783 1481 4856 Mediolanensis
1502 4785 1758 4849 Ecclesia,
1776 4783 1907 4837 licet

326 4854 502 4909 totum
530 4869 758 4923 corpore
786 4869 967 4909 secum
1012 4854 1271 4918 retineat,
1302 4854 1500 4907 mundo
1529 4863 1706 4908 tamen
1735 4862 1905 4907 totum

324 4926 382 4979 in
427 4924 801 4977 benedictione
823 4924 1133 4978 transmisit.
1165 4923 1287 4977 Marc
1312 4930 1393 4978 est
1421 4924 1564 4977 enim
1599 4931 1907 4977 sanctorum

323 5001 623 5063 martyrum
652 4993 841 5061 gloria,
870 5007 1097 5063 quorum
1147 4994 1247 5048 etsi
1278 5008 1373 5063 per
1412 4994 1719 5046 universum
1746 5009 1905 5046 mun-

323 5062 457 5116 dum
474 5062 784 5116 ’seminetur
805 5064 857 5115 in
878 5062 1147 5117 cineribus
1169 5062 1378 5129 portio,
1408 5070 1589 5116 manet
1618 5071 1795 5116 tamen
1826 5063 1907 5115 in-

324 5140 480 5199 tegra
523 5131 589 5201 _in
619 5131 902 5185 virtutibus
947 5130 1243 5201 plenitudo.
1289 5130 1619 5185 Veneramur
1666 5145 1794 5198 ergo
1854 5131 1905 5184 in

321 5208 482 5255 tanto
511 5199 711 5254 Christi
742 5200 910 5254 milite
949 5199 1118 5255 ‘ﬁdem
1156 5209 1428 5258 nostram:
1459 5208 1631 5254 mater
1677 5215 1907 5267 namque
1937 5199 1983 5257 D

320 5270 579 5340 martyris
602 5270 732 5340 ﬁdes
759 5269 1025 5324 catholica
1051 5278 1152 5332 est,
1185 5270 1237 5322 in
1283 5284 1387 5337 qua
1412 5270 1632 5323 illustris
1678 5271 1899 5333 athleta,

321 5337 587 5407 sanguine
615 5337 752 5401 fuso,
781 5348 1008 5409 mortem
1037 5354 1135 5409 pro
1166 5340 1275 5408 ipsa
1307 5340 1530 5393 calcavit
1562 5358 1574 5391 :
1601 5348 1790 5403 mater,
1818 5340 1903 5392 in-

323 5424 513 5478 quam,
546 5409 788 5479 martyrii
811 5408 939 5479 ﬁdes
965 5417 1063 5479 est.
1097 5408 1425 5463 Veneremur
1452 5423 1581 5479 ergo
1611 5410 1905 5479 insancto-

322 5476 446 5534 rum
470 5476 761 5548 martyrum
787 5477 973 5548 glorias
989 5476 1145 5548 ﬁdem
1167 5486 1421 5531 nostram.
1447 5476 1726 5548 Quomodo
1748 5477 1905 5548 ﬁdem

323 5546 623 5601 nostram?
644 5547 725 5601 Ab
746 5548 863 5602 istis
892 5546 1033 5600 enim
1062 5547 1186 5600 dum
1221 5548 1408 5599 mortis
1437 5547 1721 5601 tolerantia
1754 5546 1907 5599 indu-

324 5619 567 5671 bitanter
594 5618 879 5685 excipitur,
918 5629 1041 5685 spes
1081 5615 1492 5685 immortalitatis
1519 5617 1796 5670 evidenter
1822 5630 1907 5668 as-

320 5688 545 5742 :eritur.
570 5683 853 5744 Nundaam
898 5683 1043 5739 enim
1087 5684 1228 5739 hanc
1269 5685 1432 5741 vitam
1467 5693 1573 5739 tam
1602 5692 1909 5739 constanter

2009 2570 2126 2626 rum
2155 2571 2508 2640 conscius,iet
2538 2571 2590 2626 in
2619 2570 2935 2625 sacriﬁcium
2951 2572 3061 2639 jam
3085 2572 3414 2640 prteelcctus.
3446 2571 3581 2638 Quid

2008 2640 2075 2695 ad
2104 2641 2217 2695 haec
2237 2655 2335 2693 nos
2357 2638 2598 2710 infelices
2625 2638 3306 2710 respondere’poterimus?
3333 2642 3421 2708 qui
3459 2650 3580 2709 post

2007 2712 2237 2790 nitorem
2261 2709 2533 2790 baptismi,
2561 2718 2682 2777 post
2707 2710 2959 2790 collatum
2972 2709 3154 2790 lnobis
3174 2725 3326 2790 sacra
3351 2725 3579 2790 regene-

2007 2780 2215 2849 ratione
2260 2778 2570 2849 candorem,
2618 2786 2741 2849 post
2787 2781 3101 2849 acquisitam
3140 2778 3436 2834 indumenti
3476 2796 3577 2832 nu-

2004 2848 2193 2919 ptialis
2210 2848 2877 2919 angelicamdignitatem,
2894 2850 2947 2903 in
2971 2856 3315 2919 peccatorum
3362 2865 3577 2904 omnum

2004 2917 2223 2986 relapsi,
2251 2927 2306 2971 et
2333 2918 2387 2970 in
2417 2917 2636 2985 antiqua
2680 2917 3267 2973 criminum'volutabra
3314 2920 3573 2980 revoluti,

2007 2989 2233 3057 niveum
2271 2987 2646 3057 vestimentum
2678 2988 3227 3057 terrisinquinatum,
3258 3004 3321 3041 ac
3347 2988 3579 3044 libidinis

2005 3056 2269 3123 contagiis
2296 3054 2668 3109 sordidamus?
2689 3054 2755 3108 Et
2777 3054 3129 3111 holoséricam
3154 3054 3331 3124 inqua
3346 3058 3579 3123 sigillum

2006 3125 2200 3195 divina;
2255 3124 2499 3189 imaginis
2543 3140 2922 3195 acceperamus
2977 3128 3311 3195 impressum,
3353 3128 3576 3180 maculis

2003 3193 2289 3263 mortifera}
2317 3193 2675 3263 corruptionis
2696 3194 2997 3263 infecimus,
3028 3193 3085 3249 et
3106 3204 3228 3263 post
3255 3196 3578 3263 singularem

2004 3261 2098 3315 Dei
2121 3262 2288 3331 nostri
2312 3260 2695 3331 indulgentiam
2724 3260 3032 3331 innovatam
3058 3260 3577 3331 fmdamus,'integra

2002 3329 2375 3401 rescindimus,
2400 3330 2613 3401 expiata
2636 3330 2911 3401 violamus,
2941 3340 3247 3399 repetentes
3277 3348 3439 3401 opera
3472 3329 3579 3388 rion

1998 3400 2109 3468 jam
2130 3399 2284 3453 undis
2312 3399 2605 3467 purganda,
2624 3399 2977 3454 sedllammis.
3001 3401 3134 3466 Quid
3162 3401 3289 3453 illud
3312 3399 3578 3469 quamque

2004 3470 2207 3538 insigne
2231 3469 2423 3523 divinm
2447 3469 2630 3535 gratiae
2660 3485 2871 3535 munus,
2894 3473 3036 3538 quod
3057 3479 3279 3538 accepto
3296 3472 3404 3536 jam
3430 3473 3575 3523 salu-

2002 3540 2104 3592 tari
2134 3540 2367 3602 lavacro,
2390 3547 2513 3606 post
2539 3539 2814 3608 innumera
2845 3541 3098 3593 virtutum
3136 3539 3304 3605 signa,
3336 3548 3458 3606 post
3482 3555 3577 3608 pc-

2002 3616 2244 3675 ragratas
2264 3609 2675 3678 circumquaque
2699 3607 2768 3661 ob
2797 3607 2992 3662 Christi
3020 3608 3447 3678 praedicationem
3485 3607 3576 3661 in—

2004 3693 2255 3732 numeras
2296 3677 2560 3743 regiones,
2592 3675 2712 3731 eum
2756 3694 2852 3746 pro
2882 3678 2975 3731 Dei
3004 3675 3193 3731 summi
3245 3675 3577 3731 confessione

2004 3748 2213 3801 diversa
2248 3761 2345 3815 per
2370 3746 2629 3813 supplicia
2656 3745 2907 3816 adversus
2948 3763 3069 3801 eum
3096 3754 3239 3800 totus
3268 3762 3403 3814 pene
3432 3747 3577 3799 orbis

2002 3817 2373 3880 baccharetur,
2406 3824 2460 3867 et
2490 3831 2630 3869 nunc
2666 3817 3016 3870 atrocissimis
3063 3823 3360 3869 arctaretur
3401 3816 3574 3883 pmnis

2002 3884 2336 3941 cruciandus.
2369 3892 2423 3937 et
2450 3886 2657 3938 nuncin
2688 3886 3009 3952 longissimis
3038 3885 3227 3939 ﬁnibus
3267 3885 3577 3938 transvehe-

2002 3963 2152 4009 retur
2170 3953 2515 4021 exsulandus,
2546 3954 2616 4007 ita
2641 3954 3011 4010 robustissimo
3035 3955 3230 4009 Christi
3250 3954 3448 4007 athleta
3478 3970 3575 4022 pe-
3598 3972 3621 3995 ο

2004 4034 2154 4079 ctore
2180 4033 2448 4078 tormenta
2497 4025 2674 4078 omnia
2713 4024 3050 4091 devincehat,
3097 4033 3152 4078 et
3197 4033 3473 4078 strenuum
3514 4023 3580 4081 de

2003 4101 2273 4163 prostrato
2287 4100 2586 4163 reportaret
2606 4093 2762 4147 hoste
2794 4102 3071 4160 tropmum,
3092 4095 3338 4163 interque
3360 4101 3581 4147 cruenta

2003 4161 2225 4217 Cmsaris
2244 4161 2391 4228 jussa
2417 4161 2553 4213 vasti
2584 4163 2747 4214 maris
2783 4163 3078 4228 gurgitibus
3100 4162 3362 4228 dejectus,
3393 4163 3582 4214 ambu—

2004 4233 2116 4285 lare
2160 4232 2212 4285 ei
2238 4230 2416 4283 divina
2444 4245 2606 4297 super
2634 4244 2799 4297 aquas
2826 4246 3139 4284 concessum
3180 4239 3261 4282 est
3288 4230 3578 4296 providen-

2004 4302 2098 4364 tia,
2127 4309 2182 4354 et
2225 4315 2405 4353 rerum
2435 4300 2849 4367 obstupescente
2878 4308 3087 4361 natura,
3114 4312 3212 4366 per
3252 4298 3443 4350 insueti
3494 4298 3580 4349 iti-

2004 4371 2151 4426 neris
2178 4385 2341 4424 novas
2363 4369 2473 4423 vias
2502 4367 2791 4437 pendulum
2823 4368 3056 4422 inferens
3077 4382 3336 4434 gressum,
3370 4374 3579 4437 tumen-

2004 4442 2079 4494 tia
2110 4440 2275 4494 maris
2313 4438 2469 4492 dorsa
2506 4436 2763 4492 calcavit.
2798 4437 3017 4491 Videres
3052 4450 3332 4504 mquoreas
3378 4436 3579 4504 sanctis

2005 4509 2273 4565 substerni
2323 4508 2529 4562 meritis
2558 4506 2745 4572 undas,
2779 4522 3044 4574 supraque
3086 4503 3337 4573 angelicis
3362 4503 3579 4558 confor-

2007 4588 2176 4634 tatum
2204 4578 2455 4646 alloquiis
2502 4578 2553 4631 in
2596 4577 2793 4633 Christi
2835 4574 2961 4631 Jesu
3006 4577 3250 4632 laudibus
3292 4574 3575 4646 exsultare.

2006 4648 2141 4703 Ecce
2164 4645 2420 4718 profanus
2448 4648 2616 4701 hostis
2646 4662 2917 4716 nunquam
2948 4648 3104 4718 beato
3133 4645 3362 4718 martyri
3375 4651 3579 4718 tantum

2007 4711 2285 4787 prode-sset
2331 4718 2612 4787 obsequio,
2643 4711 2900 4785 quantum
2929 4711 3302 4787 profuit_odio'.
3332 4711 3437 4766 Sed
3465 4720 3580 4787 tau-

2007 4780 2129 4840 dem
2149 4784 2384 4853 perfecto
2413 4780 2605 4851 agonis‘
2627 4780 2946 4848 certamine,
2971 4799 3091 4837 cum
3131 4784 3287 4838 Celso
3328 4780 3577 4850 puerulo,

2007 4869 2165 4923 quem
2196 4855 2309 4923 ipse
2338 4855 2388 4907 in
2417 4854 2786 4908 holocaustum
2813 4853 2944 4914 Deo,
2976 4854 3179 4921 polluto
3220 4860 3581 4923 assumpserat

2009 4920 2077 4977 ex
2114 4920 2327 4987 smculo,
2360 4924 2560 4977 crudeli
2608 4924 2833 4992 imperio
2879 4920 3220 4976 damnatione
3262 4920 3575 4978 absolvitur,

2009 4993 2183 5061 gladio
2226 5001 2589 5047 consecratur.
2642 4992 2791 5046 Felix
2831 4993 2917 5046 hic
2966 4993 3055 5044 tali
3085 4992 3253 5061 exitu,
3276 5003 3382 5056 quo
3422 5004 3581 5061 omne

2009 5059 2259 5117 delictum
2287 5062 2359 5115 ita
2388 5063 2454 5116 ab
2491 5078 2556 5116 eo
2586 5064 2735 5126 exiit,
2769 5070 2825 5115 ut
2845 5062 3005 5116 etiam
3034 5060 3209 5114 redire
3250 5074 3354 5111 non
3379 5059 3580 5127 possit;

2009 5147 2115 5200 quo
2144 5133 2221 5186 sic
2243 5132 2423 5185 debita
2454 5147 2546 5185 sua
2578 5133 2755 5196 solvit,
2788 5148 2856 5185 ne
2887 5131 3023 5200 ultra
3065 5129 3385 5200 creditorem
3424 5128 3577 5200 time-

2011 5196 2122 5262 ret;
2153 5217 2260 5269 quo
2284 5202 2335 5254 in
2364 5217 2421 5253 se
2446 5202 2678 5256 hostium
2707 5208 2927 5269 peccata
2955 5199 3055 5253 ﬁde
3076 5199 3284 5269 clausit,
3316 5197 3415 5251 ﬁde
3437 5196 3588 5269 dani-

2013 5265 2188 5336 navit}
2220 5286 2318 5339 per
2343 5285 2501 5344 quem
2556 5265 2915 5344 innocentiam
2969 5268 3256 5344 devotione
3307 5265 3579 5344 quaesivit.

2010 5336 2410 5409 perseverantia
2463 5340 2689 5406 invenit,
2719 5348 2893 5394 morte
2921 5338 3174 5409 servavit.
3205 5336 3333 5409 Quae
3362 5350 3482 5409 cum
3512 5336 3581 5386 ita

2011 5405 2137 5474 sint,
2169 5409 2450 5471 carissimi,
2484 5410 2609 5463 licet
2630 5410 2714 5463 hic
2738 5417 2914 5462 tantus
2934 5408 3127 5462 Christi
3147 5408 3295 5460 testis
3322 5405 3586 5474 pretiosus

2012 5480 2366 5551 confessione,
2391 5479 2681 5547 pretiosior
2708 5479 2987 5551 sanguine,
3007 5476 3206 5551 crudeli
3226 5477 3584 5551 vulnercpre-

2014 5549 2220 5611 tiosior,
2250 5542 2486 5602 ettin'cta
2516 5557 2667 5602 veste
2709 5542 3004 5607 candidior,
3053 5547 3176 5600 licet
3224 5546 3309 5598 hic
3338 5542 3584 5611 Mediola;

2013 5609 2569 5687 ncnsiumipcculiaris
2608 5626 2825 5687 putetur
2861 5612 3415 5687 privilpgioﬂsepulcri
3438 5653 3453 5677 9
3485 5609 3589 5687 50

2014 5686 2110 5741 sed
2138 5682 2376 5740 omnium
2420 5695 2501 5740 est
2530 5682 2908 5743 communione
2935 5682 3188 5750 sulfr’agii.
3225 5682 3407 5749 Neque
3448 5682 3584 5734 enim
