4138 6196
372 317 476 374 877

1762 311 1989 368 SERMO
2029 311 2161 368 XVII
2169 354 2181 366 .

3509 308 3618 368 873

369 426 555 481 divino
578 425 853 496 refrigerio
882 440 988 481 non
1014 427 1268 496 privatur.
1301 424 1450 496 fl‘unc
1465 422 1576 496 jam
1602 421 1776 496 cci-pit
1807 421 1946 476 Lau-
1971 431 2017 484 Α
2047 422 2243 496 Christi
2273 420 2512 496 minister
2541 419 3031 496 reddiditutrisque
3055 419 3198 488 quod
3223 436 3282 496 se
3299 421 3617 496 deberem-

370 496 581 549 rentius
641 491 960 551 in'Christo
1014 491 1200 549 —victor
1251 492 1586 548 adversarius
1643 491 1897 545 insultare
1927 534 1943 559 ,

370 563 592 631 quando
617 565 798 620 divino
828 573 956 618 nutu
977 565 1144 619 sensit
1157 565 1415 618 carbones
1433 576 1542 631 non
1561 560 1800 631 dolorem
1824 561 1943 631 sibi,

369 629 466 686 sed
507 633 839 701 refrigerium
881 635 1202 687 ministrare.
1243 631 1343 686 llic
1389 630 1617 697 denique
1662 629 1948 701 Valeriano

370 698 669 770 respondit,
717 703 942 756 dicens:
977 703 1150 765 Disce,
1193 703 1371 766 miser,
1420 708 1616 770 quanta
1665 701 1735 770 sit
1782 698 1949 770 virtus

370 767 586 825 Domini
615 773 781 825 nostri
809 771 935 825 Jesu
977 771 1204 837 Christi,
1235 785 1356 823 nam
1401 769 1663 837 carbones
1712 767 1798 820 isti
1840 783 1947 822 non

370 838 637 907 dolorem,
658 839 752 894 sed
781 839 1108 908 refrigerium
1132 835 1259 893 mihi
1287 846 1558 907 pratstant.
1599 835 1642 888 Ο
1687 851 1813 890 vere
1842 837 1943 890 mi-

370 909 559 962 rabilis
578 912 746 963 virtus
774 907 983 963 Domini
1012 907 1330 972 Salvatoris,
1362 908 1453 974 qui
1475 914 1760 974 martyrem
1791 920 1946 959 suum

370 976 500 1043 igne
525 979 764 1032 caritatis
785 978 1149 1031 vehementius
1173 975 1539 1041 inﬂammavit,
1562 983 1618 1028 et
1637 989 1774 1043 eum
1817 990 1947 1028 con-

370 1041 458 1116 tra
481 1046 656 1114 ignem
679 1047 1034 1116 persecutoris
1056 1046 1311 1100 armavit!
1337 1045 1446 1098 Nisi
1467 1041 1950 1116 enimLaurcntius

371 1113 730 1181 igne'cmles'ti
759 1115 1008 1182 ferveret,
1040 1116 1214 1182 ignem
1262 1126 1530 1168 terrenum
1576 1113 1790 1165 vincere
1841 1129 1947 1167 non

373 1185 601 1237 valeret.
632 1185 757 1238 Ideo
785 1193 961 1238 autem
984 1183 1224 1238 ﬂammas
1253 1183 1525 1251 appositas
1579 1182 1790 1248 corpori
1838 1197 1946 1235 non

374 1252 618 1314 timebat,
651 1254 774 1322 quia
820 1252 1045 1307 ﬂammis
1091 1252 1469 1322 spiritualibus
1520 1253 1661 1322 intus
1705 1251 1946 1322 ardebat.

372 1320 799 1390 Accensusigne
819 1322 1063 1390 primitus
1087 1320 1340 1390 caritatis,
1372 1320 1500 1373 vicit
1545 1320 1718 1390 ignem
1747 1320 1950 1387 cupidi-

377 1390 532 1455 tatis;
565 1387 756 1446 deinde
787 1387 996 1444 fervens
1025 1391 1142 1458 igne
1161 1389 1532 1451 confessionis,
1564 1387 1809 1458 ardorem
1841 1404 1946 1441 non

377 1460 571 1512 metuit
593 1461 835 1514 ustionis.
863 1456 1112 1513 Exhibuit
1130 1475 1323 1528 corpus
1341 1474 1492 1512 suum
1507 1456 1734 1528 hostiam
1751 1457 1946 1528 vivam,

375 1537 639 1592 sanetam,
667 1528 778 1583 Deo
807 1529 1125 1598 placentem.
1156 1525 1433 1598 Impletum
1463 1535 1545 1581 est
1574 1527 1638 1598 in_
1664 1525 1754 1598 illo
1785 1527 1947 1598 etiam

373 1598 750 1664 corporaliter,
782 1594 924 1666 quod
940 1594 1284 1665 spiritualitér
1312 1596 1568 1666 scriptum
1593 1594 1688 1666 ide
1714 1594 1871 1666 justis
1891 1596 1946 1648 in

376 1663 518 1720 libro
546 1663 831 1735 Sapientia:
859 1663 1022 1736 (Cap.
1046 1666 1145 1786 ml),
1167 1663 1499 1731 continetur,
1532 1665 1635 1735 5'7
1661 1663 1728 1717 de
1755 1665 1949 1731 quibus

377 1735 636 1786 scriptum
664 1744 745 1786 est
777 1753 790 1786 :
817 1733 1070 1786 Quoniam
1149 1753 1236 1786 eus
1286 1737 1498 1786 tentavit
1526 1735 1662 1786 illos.
1689 1741 1737 1785 et
1758 1734 1948 1786 invenit

377 1733 636 1803 scriptum
664 1744 745 1788 est
777 1753 790 1788 :
817 1733 1070 1798 Quoniam
1097 1733 1236 1788 Deus
1286 1737 1498 1788 tentavit
1526 1733 1662 1796 illos,
1689 1734 1948 1803 etinvcnit

376 1801 504 1876 illos
527 1804 710 1874 dignos
740 1822 825 1868 se;
855 1815 1100 1876 tanquam
1119 1821 1302 1876 aurum
1326 1805 1379 1857 in
1395 1808 1603 1876 [crurice
1630 1801 1949 1876 probain'til—

375 1875 492 1936 los,
521 1884 568 1924 et
584 1870 738 1943 'quasi
777 1870 1064 1943 holocnusti
1107 1873 1328 1927 hostiam
1368 1870 1564 1942 accepit
1609 1872 1745 1943 illos.
1789 1870 1954 1943 Holo-

376 1938 652 2010 caustum,
686 1941 898 2010 fratres,
927 1941 1142 1997 Grmcus
1195 1958 1373 1996 sermo
1421 1938 1522 2010 est,
1567 1956 1674 1994 non
1713 1938 1951 2010 Latinus.

378 2011 536 2074 Quol
565 2009 749 2066 Graece
778 2008 972 2066 dicitur
999 2012 1388 2074 holocaustum,
1428 2009 1614 2064 Latine
1640 2008 1835 2062 dicitur
1875 2018 1956 2064 to—

379 2088 492 2131 tum
525 2083 816 2135 incensum.
850 2080 1228 2135 Holocaustum
1280 2095 1408 2147 ergo
1463 2079 1590 2132 illud
1641 2076 1955 2147 sacrificium

376 2150 676 2202 vocabatur
699 2151 839 2217 quod
871 2159 1040 2204 totum
1065 2150 1117 2203 in
1144 2149 1296 2202 altari
1319 2146 1676 2203 cremabatur.
1726 2146 1951 2217 Beatum

379 2217 562 2284 itaque
592 2216 932 2273 Laurentium
962 2218 1159 2272 Christi
1189 2218 1383 2272 caritas
1411 2219 1781 2284 holocaustum
1810 2216 1955 2284 exhi-

378 2283 518 2349 buit,
542 2289 683 2355 quod
705 2288 993 2342 crudelitas
1021 2289 1378 2356 pcisecutoris
1418 2286 1670 2356 incendit.
1722 2283 1789 2336 Et
1817 2283 1954 2337 Lau-

377 2357 613 2424 rentium
637 2358 852 2424 quidem
873 2355 1192 2411 Valerianus
1208 2357 1421 2419 assavit,
1448 2358 1539 2409 sed
1562 2355 1955 2424 holocaustum,

379 2423 612 2495 hostiam
642 2423 984 2495 semetipsum
1013 2425 1125 2480 Deo
1153 2435 1354 2495 martyr
1373 2425 1736 2495 sanctissimus
1765 2423 1957 2495 immo-

379 2492 530 2546 lavit.
588 2491 851 2563 impietas
875 2510 1001 2563 ergo
1042 2496 1235 2564 judicis
1284 2491 1622 2548 Laurentium
1670 2491 1951 2564 interfecit,

379 2577 543 2634 quem
573 2561 866 2634 hqlocausti
897 2561 1123 2618 hostiam
1145 2566 1322 2634 passio
1351 2566 1582 2634 gloriosa
1612 2561 1850 2634 perlecit,
1874 2569 1954 2614 at-

377 2629 488 2698 que
517 2632 586 2703 ita
618 2632 758 2703 Deus
787 2643 1075 2703 martyrem
1104 2629 1256 2688 suum
1281 2629 1510 2703 hostiam
1528 2629 1707 2703 vivam
1730 2629 1956 2703 libenter

376 2702 608 2770 a_ccepit.
640 2702 870 2757 Noverat
890 2699 1068 2757 autem
1093 2703 1408 2758 Laurentius
1429 2702 1626 2756 dixisse
1650 2699 1949 2770 Christum:

380 2766 485 2830 Qui
513 2766 640 2842 inihi
665 2773 922 2826 ministrat
969 2789 1047 2825 me
1064 2784 1328 2842 sequntur,
1375 2771 1529 2842 etubi
1556 2786 1666 2823 sum
1681 2785 1816 2842 ego,
1848 2767 1956 2842 illic

375 2847 432 2890 et
456 2841 688 2911 minister
725 2858 864 2895 meus
893 2843 987 2894 erit
1012 2837 1204 2911 (Joan.
1240 2843 1366 2911 xit).
1399 2837 1800 2911 Ministravitlin
1839 2837 1956 2911 dia-

375 2909 563 2980 conin,
587 2919 798 2964 secutus
826 2911 981 2980 estin
1006 2905 1282 2980 martyrio.
1303 2909 1506 2980 factus
1527 2907 1835 2980 estnicdius
1874 2905 1957 2980 in-

380 2984 466 3050 ter
506 2976 714 3050 Xistum
771 2987 826 3032 et
879 2975 1243 3050 Hippolytum.
1302 2979 1366 3032 Et
1405 2981 1527 3050 quia
1578 2977 1850 3050 didicerat
1886 2975 1954 3050 ab

376 3045 642 3114 Apostolo
663 3049 838 3102 debita
867 3035 1115 3102 omnibus
1142 3063 1262 3102 esse
1289 3035 1576 3110 reddenda,
1603 3047 1739 3100 sicut
1785 3044 1953 3098 fidelis
1979 3035 2024 3094 C

2049 494 2250 560 gnovit,
2275 489 2427 546 Xisto
2455 491 2693 555 servivit,
2724 489 3065 560 Hippolytum
3105 491 3409 560 acquisivit.
3463 492 3618 550 Xisto

2007 564 2031 579 '
2049 557 2302 630 episcopo
2315 561 2458 631 piam
2473 560 2712 631 exhibuit
2728 557 3328 631 humilitaiem,llippoly
3337 569 3391 615 to
3407 577 3616 631 pagano

2087 627 2489 699 uram'prtebuit
2526 629 2824 699 caritatem.
2855 629 2910 681 ln
2941 627 3092 681 Xisto
3120 627 3618 687 honoravit-sacer-

2087 646 2236 684 uram
2261 646 2489 699 ρΓῖΕυυΙῑ
2526 646 2824 683 caritatem.
2856 646 2910 681 In
2943 646 3092 681 AISlO
3120 646 3403 684 ιιοιιοηγιι
3440 647 3618 687 sacer-

2047 646 2178 753 gotii
2198 699 2531 765 dignitatem,
2560 698 2845 767 Hippolyti}
2873 711 3081 767 pagano
3120 699 3429 766 pnedicavit
3475 703 3621 756 chri-

2047 769 2233 822 stiana:
2263 769 2386 837 tidei
2401 765 2708 837 veritatem.
2736 765 2780 819 A
2802 765 2954 820 XiSto
2980 765 3163 837 didicit
3185 775 3242 820 ut
3277 784 3376 837 pro
3403 768 3616 826 Christo

2046 845 2337 906 pateretur,
2369 835 2654 906 Hippolyto
2681 836 2899 906 donavit
2941 843 3002 906 ut
3037 835 3304 906 Christum
3333 838 3621 894 confitere-

2046 904 2153 979 iur.
2181 904 2448 979 Servatus
2461 904 2541 979 est
2562 904 2631 959 ibi
2657 904 3007 979 ecclesiastici
3030 905 3231 979 ordinis
3251 906 3456 970 modus,
3473 911 3618 979 quod

2048 977 2099 1046 in
2130 977 2384 1046 martyrio
2404 976 2628 1046 primus
2647 984 2728 1028 est
2757 975 3004 1046 iuventus
3027 975 3327 1046 episcopus,
3352 975 3618 1033 secundus

2047 1042 2325 1108 diaconus,
2355 1042 2543 1097 tertius
2568 1044 2749 1114 laicus.
2783 1046 2887 1114 ἥδ
2913 1042 3121 1114 Solent
3140 1042 3353 1114 quidem
3407 1047 3619 1103 diaconi

2049 1115 2332 1182 episcopos
2349 1115 2538 1181 prmire
2574 1113 2628 1182 in
2674 1113 2862 1165 ordine
2891 1113 3266 1182 processionis,
3292 1116 3385 1169 sed
3427 1133 3532 1171 non
3564 1119 3619 1172 in

2049 1181 2247 1237 ordine
2263 1182 2543 1255 passionis.
2572 1181 2721 1255 Nunc
2742 1189 2916 1234 autem
2938 1181 3012 1233 sic
3043 1181 3299 1236 Dominus
3328 1185 3615 1255 ordinavit,

2049 1261 2107 1304 ut
2151 1252 2476 1319 prmcederet
2521 1251 2824 1320 cpiscopus,
2865 1259 2918 1303 et
2970 1261 3287 1316 sequeretur
3325 1251 3617 1320 diaconus';

2047 1321 2382 1389 praecedente
2404 1328 2580 1389 autem
2603 1319 2850 1374 diacono.
2875 1327 3187 1388 sequeretur
3203 1329 3257 1374 et
3278 1321 3461 1376 laicus.
3496 1319 3621 1378 0m?-

2048 1388 2145 1444 nes
2166 1390 2323 1456 igitur
2345 1389 2398 1442 in
2426 1389 2528 1442 hac
2555 1388 2841 1442 festivitate
2871 1389 3128 1448 laetemur,
3161 1397 3215 1442 et
3243 1390 3466 1446 virtutes
3494 1409 3620 1447 san-

2049 1467 2256 1512 ctorum
2284 1466 2541 1526 quantum
2563 1457 2818 1510 Dominus
2867 1456 3081 1524 adjuvat
3127 1457 3415 1513 imitemur.
3448 1461 3621 1518 Habet

2049 1527 2136 1582 hic
2163 1527 2305 1583 enim
2341 1527 2514 1580 omnis
2565 1527 2758 1594 gradus
2802 1527 2943 1579 unde
2996 1528 3259 1581 veraciter
3308 1529 3616 1585 instruatur.

2048 1596 2220 1670 Habet
2247 1597 2420 1650 omnis
2434 1595 2707 1670 professio
2732 1597 2874 1670 quod
2895 1595 3178 1670 salubriter
3208 1596 3459 1670 imitetur.
3477 1599 3620 1670 iEpi-

2049 1666 2197 1734 scopi
2227 1673 2280 1719 et
2301 1665 2606 1786 presbyteri
2635 1665 2974 1744 considerent
2993 1663 3209 1744 .Xislum
3233 1707 3248 1731 ,
3278 1667 3488 1721 diaconi
3537 1663 3621 1723 at—

2051 1737 2272 1786 tendant
2345 1733 3092 1786 aurentium.latc1similiter
3135 1743 3442 1786 intueantur
3488 1737 3621 1786 Hin-

2051 1733 2272 1808 tendant
2301 1733 2669 1808 Laurentium,
2696 1733 2816 1808 laici
2847 1733 3092 1808 similiter
3135 1734 3442 1808 intueantur
3488 1737 3622 1808 Hip-

2052 1805 2327 1874 polytum.
2347 1803 2515 1871 Hujus
2545 1802 2848 1874 festivitatis
2870 1801 3120 1869 gaudium
3150 1804 3356 1857 cunctis
3379 1801 3624 1873 proficiat

2055 1871 2122 1926 ad
2149 1871 2361 1925 virtutis
2409 1871 2729 1939 exemplum.
2791 1871 3063 1924 Discamus
3116 1886 3304 1924 omnes
3348 1871 3626 1928 avaritiam

2057 1950 2424 2003 contemnere,
2453 1941 2718 1995 discamus
2745 1939 3166 1993 misericordiam
3195 1941 3434 2007 diligere,
3463 1944 3626 1998 dirca-

2059 2027 2178 2065 mus
2215 2025 2477 2080 pauperes
2523 2024 2776 2080 pascere,
2806 2009 3074 2080 discamus
3120 2011 3374 2077 pecunias
3418 2026 3528 2080 non
3573 2014 3622 2067 in

2058 2076 2234 2145 terra;
2251 2076 2344 2134 sed
2365 2081 2418 2132 in
2441 2076 2578 2133 caelo
2599 2093 2845 2143 servare,
2867 2076 3132 2130 discamus
3160 2091 3327 2145 usque
3367 2077 3433 2130 ad
3480 2095 3628 2133 mor-

2057 2158 2165 2203 tem
2195 2165 2292 2218 pro
2320 2147 2518 2218 Christi
2548 2147 2775 2218 nomine
2803 2146 3075 2218 dimicare,
3126 2146 3390 2218 discamus
3439 2147 3625 2202 intima

2055 2214 2277 2273 caritate
2305 2215 2532 2280 fervere,
2564 2225 2618 2271 et
2643 2231 2741 2285 pro
2756 2215 2961 2286 justitia
2983 2214 3351 2286 tribulationis
3373 2225 3624 2286 tanquam

2057 2288 2318 2342 carbones
2370 2281 3082 2354 longanimitersustinere.
3146 2281 3427 2354 Estienim
3468 2281 3625 2354 fustis

2056 2357 2296 2426 quasdam
2325 2352 2622 2426 combustio
2645 2352 2953 2426 temporalis
2977 2353 3216 2426 alllictio,
3244 2353 3310 2408 de
3337 2370 3442 2426 qua
3471 2352 3626 2411 'dicl-

2057 2422 2144 2479 fur
2176 2444 2188 2477 :
2225 2426 2362 2495 vasa
2392 2425 2536 2495 ﬁguli
2564 2424 2984 2495 propatfornax,
3012 2422 3308 2495 eilzomines
3321 2422 3489 2492 justas
3519 2435 3626 2478 ten-

2059 2496 2184 2548 tntio
2216 2491 2785 2564 tribulationistEccli;
2817 2494 3016 2564 xxvii).
3040 2491 3148 2545 Nos
3170 2491 3366 2564 itaque,
3391 2495 3626 2548 dilectis-

2058 2565 2199 2628 simi,
2232 2565 2498 2617 Christum
2531 2561 2808 2616 Doininum
2839 2561 3147 2627 diligamus.
3179 2561 3400 2628 ejusque
3432 2564 3627 2617 virtute

2057 2633 2266 2696 muniti,
2295 2641 2353 2686 ut
2380 2633 2670 2686 carnalium
2717 2631 3065 2699 cupiditatum
3119 2630 3386 2699 incentiva
3443 2633 3626 2685 vinca-

2056 2717 2193 2766 mus,
2218 2710 2412 2756 sanctsc
2432 2702 2668 2756 caritatis
2691 2698 2808 2768 igne
2830 2698 3183 2769 spiritualiter
3205 2698 3519 2754 ferveamus.
3549 2701 3626 2756 Ita

2057 2771 2150 2825 lict
2178 2783 2234 2825 ut
2259 2773 2465 2839 ignibus
2493 2768 2915 2839 tribulationum,
2943 2783 3066 2839 non,
3097 2768 3394 2839 fatigentur,
3427 2769 3520 2823 sed
3548 2771 3627 2823 di-

2056 2841 2193 2894 vina:
2220 2837 2431 2894 virtutis
2460 2839 2803 2908 insuperabili
2834 2838 3109 2908 refrigerio
3149 2837 3487 2892 sublevemur
3515 2857 3527 2890 :
3551 2840 3627 2894 sic

2059 2908 2128 2962 ad
2151 2910 2293 2963 illam
2323 2910 2562 2979 requiem
2585 2907 2951 2976 perducemur,
2977 2907 3066 2961 ubi
3093 2922 3215 2961 eum
3247 2908 3444 2962 sanctis
3489 2923 3627 2961 mar—

2062 2980 2262 3050 tyribus
2286 2977 2416 3035 sine
2432 2977 2533 3032 line
2554 2979 2810 3032 lzctemur.

376 3155 2780 3183 Μ

1308 3267 1428 3339 SE
1440 3263 1868 3338 BMONES

1957 3261 2092 3330 DE
2170 3258 2696 3330 DlVEBSIS.

2129 3481 2268 3541 Vl].

1755 3482 1955 3543 SERM

743 3582 817 3636 De
847 3583 1145 3638 Salomone.
1177 3581 1242 3636 In
1266 3598 1378 3643 can.
1411 3597 1514 3635 xxx
1545 3580 1789 3635 Proverb.
1823 3580 1902 3634 De
1929 3587 1955 3634 ά

2159 3482 2177 3510 γ

2056 3481 2547 3634 ἒίήξιιζςαιοηιοηὶε
2575 3582 2624 3628 et
2653 3574 2871 3628 aliorum
2899 3573 3284 3644 prophetarum.

1814 3667 2202 3723 ADMONlTlO.

454 3761 752 3825 Ceillerius,
787 3761 836 3812 in
868 3758 1204 3814 recensendis
1234 3758 1448 3812 Maximi
1476 3758 1726 3827 operibus
1753 3757 2022 3813 Mauricos
2049 3766 2287 3827 secutus,
2314 3758 2453 3827 hunc
2478 3769 2778 3827 sermonem
2803 3753 2974 3808 eidem
3004 3753 3235 3809 Maximo
3263 3755 3634 3827 ascribendum

383 3839 590 3885 censet.
641 3823 747 3883 Nos
793 3829 1117 3893 dubitamus,
1165 3829 1308 3896 quod
1337 3836 1392 3882 et
1432 3823 1603 3881 oratio
1633 3829 1808 3881 minus
1836 3843 1953 3882 esse
1982 3827 2212 3881 orationi
2241 3825 2455 3896 Maximi
2481 3823 2666 3896 similis
2695 3823 2966 3896 videatur,
2989 3831 3044 3876 et
3066 3834 3259 3896 praeter
3285 3840 3447 3879 unum
3479 3826 3629 3896 Vati-

381 3915 577 3953 canum
621 3899 817 3952 nullum
858 3899 1098 3952 codicem
1140 3892 1432 3965 reperimus
1462 3897 1839 3966 (pervolvimus
1879 3905 2056 3952 autem
2094 3912 2222 3950 sane
2250 3895 2448 3964 plures)
2481 3895 2540 3966 in
2561 3909 2670 3962 quo
2697 3892 2927 3966 Maximo
2955 3894 3055 3962 ipsi
3085 3894 3420 3948 attribuatur.
3461 3895 3629 3966 Frag-

387 3979 630 4023 mentum
659 3967 898 4037 0pusculi
928 3968 1103 4036 potiUS
1131 3962 1270 4020 hunc
1290 3962 1590 4020 sermonem
1613 3981 1731 4021 esse
1759 3965 1972 4020 Maximi
1999 3962 2349 4031 arbitrantur,
2379 3980 2484 4032 qua
2513 3963 2578 4017 de
2608 3979 2664 4016 re
2695 3978 2800 4016 non
2823 3962 3029 4017 laboro.

389 4110 781 4177 Ancnunuruu.
812 4137 880 4147 -—
902 4107 1086 4161 Cceteri
1123 4107 1388 4177 prophetae,
1421 4107 1530 4160 solo
1574 4109 1756 4177 spiritu
1801 4108 1955 4161 locuti

455 4187 612 4260 sani;
644 4175 892 4258 Salomon
913 4185 1080 4229 autem
1108 4175 1154 4230 et
1178 4176 1240 4228 de
1263 4176 1447 4246 spiritu
1471 4217 1485 4242 ,
1531 4188 1579 4229 et
1602 4175 1676 4228 'de
1714 4177 1958 4245 adjuncta

461 4256 740 4317 sapientia.

464 4378 602 4431 Ante
626 4376 908 4430 adventum
922 4375 1133 4446 Christi
1162 4375 1453 4446 Salvatoris
1488 4377 1653 4431 nostri
1688 4377 1962 4446 propheta:

389 4448 577 4508 multi,
608 4454 868 4514 concepto
915 4444 1115 4513 Spiritu
1144 4453 1330 4499 sancto
1355 4484 1370 4508 ,
1412 4445 1585 4499 futura
1633 4444 1960 4511 nuntiarunt,

2059 4106 2246 4176 aquila:
2274 4105 2492 4176 volantis
2515 4104 2568 4155 in
2598 4119 2748 4176 aere;
2779 4104 3170 4176 quartumquod
3202 4105 3508 4175 investigare
3532 4127 3634 4163 mm

2061 4172 2299 4244 possum,
2333 4173 2425 4244 hoc
2463 4180 2539 4224 est
2582 4172 2842 4244 mulierem
2886 4172 3131 4222 masc/iam
3154 4212 3168 4236 ,
3199 4189 3312 4242 qua:
3331 4172 3444 4226 cu'm
3480 4180 3634 4232 semel

2065 4240 2238 4296 abluta
2257 4243 2438 4364 1μα’νῆ
2463 4279 2477 4301 ,
2509 4240 2670 4293 credit
2707 4256 2762 4291 se
2805 4241 2856 4291 in
2895 4247 2999 4292 toto
3045 4256 3146 4292 non
3188 4240 3424 4309 peccasse
3453 4244 3632 4312 (Ρνου,

2065 4311 2216 4364 xxxi.
2305 4326 2380 4364 :ec
2411 4309 2572 4364 verba
2602 4310 2869 4361 communi
2912 4322 3070 4362 sensu
3099 4309 3249 4364 quasi
3278 4310 3344 4363 de
3374 4313 3528 4364 vulso
3556 4315 3632 4364 vi-

2064 4311 2216 4380 xxx).
2257 4309 2380 4365 Huic
2411 4309 2572 4364 verba
2602 4310 2869 4380 communi
2912 4322 3070 4380 sensu
3099 4309 3249 4376 quasi
3278 4310 3344 4363 de
3374 4309 3528 4377 vulgo
3556 4315 3634 4367 vi-

2064 4376 2259 4436 dentur
2287 4380 2550 4452 collecta,
2599 4377 2692 4432 sed
2722 4379 2774 4431 in
2797 4376 3409 4452 omnibns‘snnt‘saneta
3437 4376 3636 4452 myste-

2065 4451 2142 4504 ria
2171 4469 2182 4502 :
2213 4451 2310 4504 tria
2342 4451 2394 4503 in
2415 4447 2646 4509 Christo,
2677 4458 2732 4520 et
2761 4462 2923 4520 unum
2949 4447 3000 4499 in
3026 4445 3305 4520 Ecclesia,
3333 4449 3463 4502 Nam
3493 4445 3634 4520 quod

389 4518 535 4570 inter
561 4530 696 4583 quos
739 4512 794 4567 et
841 4512 1105 4584 Salamon
1131 4515 1250 4568 loco
1278 4530 1376 4567 suo
1405 4524 1460 4569 et
1487 4516 1674 4570 ordine
1703 4532 1800 4584 pro
1830 4525 1964 4569 tem-
1997 4522 2044 4579 ι)
2073 4519 2207 4574 dixit
2233 4522 2374 4574 viam
2404 4520 2564 4572 maris
2589 4533 2647 4571 se
2676 4518 2914 4572 invenire
2942 4532 3047 4569 non
3079 4532 3235 4584 posse
3255 4557 3268 4579 ,
3293 4517 3396 4572 hoc
3424 4512 3528 4574 non
3555 4529 3636 4575 est

387 4584 613 4654 poribus
647 4591 982 4654 numeratur;
1021 4583 1111 4637 sed
1152 4585 1291 4654 inter
1318 4584 1450 4638 alios
1478 4594 1531 4638 et
1563 4583 1732 4652 ipsum
1763 4592 1844 4638 est
1873 4585 1967 4638 ali-

389 4651 500 4775 ξω
529 4653 797 4706 distantia.
831 4651 1060 4718 Ideoque
1089 4653 1263 4706 czeteri
1292 4654 1407 4707 solo
1431 4651 1616 4722 spiritu
1641 4654 1800 4706 locuti
1823 4663 1962 4717 sunt,

433 4722 647 4774 alomou
677 4730 854 4774 autem
884 4728 938 4774 et
965 4723 1032 4775 de
1060 4722 1277 4775 sniritu.
1309 4730 1362 4775 et
1383 4722 1450 4775 de
1477 4722 1722 4775 adiuncta
1753 4724 1962 4775 sapien-

433 4722 647 4774 alomou
677 4728 938 4790 autemiet
965 4723 1032 4775 de
1060 4722 1277 4789 spiritu,
1309 4730 1362 4775 et
1383 4722 1450 4776 de
1477 4722 1722 4788 adjuncta
1753 4724 1963 4790 sapieno

389 4793 464 4844 tia
493 4799 577 4843 est
604 4790 828 4843 locu-tus.
861 4789 1097 4858 Denique
1125 4793 1226 4844 hoc
1256 4802 1281 4827 ιι
1310 4799 1537 4844 testatur
1564 4792 1779 4853 locutio,
1803 4789 1961 4858 quam

389 4875 461 4913 ex
508 4859 685 4912 verbis
725 4858 841 4926 ejus
885 4859 1182 4914 audivimus
1221 4863 1526 4924 recitatam;
1556 4860 1677 4912 dum
1707 4861 1846 4913 inter
1872 4876 1962 4914 sa-

389 4929 651 4997 pientiam
697 4928 1040 4997 etspiritum
1078 4928 1357 4997 profitetur
1396 4930 1746 4995 ignorantiam
1787 4945 1958 4993 suam,

389 4996 516 5069 cum
541 4996 668 5069 dicit
691 5015 703 5049 :
739 4996 861 5050 Tria
883 5007 1020 5069 sunt,
1050 4996 1237 5064 inquit,
1265 5015 1376 5067 quae
1400 5016 1501 5052 non
1527 4999 1757 5069 intelligo
1781 5016 1797 5052 :
1829 5001 1961 5052 vium

389 5067 538 5120 navis
559 5068 613 5120 in
636 5083 798 5133 mare,
821 5068 1054 5120 semitam
1081 5069 1327 5135 serpentis
1355 5069 1409 5120 in
1429 5078 1598 5137 petra,
1625 5078 1673 5121 et
1697 5067 1964 5140 uestigium

469 5205 493 5230 ει
519 5194 676 5264 Rom.
711 5193 843 5249 edit.
876 5209 1095 5264 Operum
1136 5193 1194 5248 S.
1230 5193 1474 5250 Ambros.
1514 5212 1601 5250 an.
1645 5194 1802 5260 158l,
1833 5205 1962 5251 tom.

389 5263 457 5330 ll,
488 5279 612 5333 pag.
644 5263 764 5328 405,
797 5263 1011 5317 testatur
1032 5265 1179 5318 lectio
1205 5303 1217 5317 .
1245 5304 1258 5317 .
1286 5303 1299 5316 .
1329 5305 1341 5317 .
1373 5306 1385 5318 .
1415 5265 1556 5319 Nam
1580 5266 1700 5318 dum
1721 5283 1964 5333 quamm-

389 5335 516 5388 dam
537 5335 892 5405 mysteriorum
915 5335 1178 5405 propriam
1201 5335 1468 5403 proﬁtetur
1495 5337 1856 5405 ignorantiam,
1875 5353 1970 5405 as-

391 5406 604 5474 signare
634 5402 1150 5474 distaittiam_uidetur
1171 5402 1308 5474 inter:
1332 5402 1765 5474 sapientiamsibi
1801 5404 1965 5458 colla-

393 5471 522 5542 tam.
545 5481 593 5525 et
621 5474 876 5542 spiritum.
911 5471 1049 5524 Dicit
1073 5489 1234 5542 ergo:
1269 5471 1401 5526 Tria
1417 5484 1533 5526 sunt
1570 5473 1696 5526 mihi
1725 5474 1964 5540 impossi-

393 5539 522 5614 bilia
542 5539 704 5614 scire,
745 5550 793 5594 et
815 5551 1056 5614 quartum
1074 5581 1088 5605 ,
1118 5539 1382 5614 quodnon
1411 5557 1698 5614 cognosco:
1729 5539 1964 5614 semitam

391 5611 540 5683 navis
570 5611 881 5683 naitigantis,
906 5611 1016 5683 pias
1037 5611 1285 5680 serpentis
1313 5611 1706 5683 supervpetram,
1735 5621 1783 5664 et
1809 5613 1962 5664 uesti-

389 5679 487 5753 gia
509 5679 698 5752 aquin
727 5679 944 5734 volantis
967 5719 984 5745 ,
1027 5690 1073 5733 et
1103 5679 1535 5752 gitartum,‘quo‘d
1564 5699 1664 5736 non
1689 5696 1958 5751 cognosco,

2069 4590 2186 4660 sine
2214 4590 2468 4660 mysterio
2507 4587 2743 4641 verbum.
2789 4587 2917 4660 Nam
2949 4586 3066 4660 quis
3094 4586 3120 4625 δ
3144 4587 3282 4641 inter
3306 4588 3636 4660 ﬂuctusicol-

2069 4656 2284 4724 ligebat’
2303 4660 2438 4710 viam
2479 4671 2638 4724 quam
2687 4657 2838 4708 navis
2876 4656 3102 4724 transire
3149 4658 3430 4722 potuerat?
3477 4657 3637 4714 Navis

2067 4723 2208 4780 enim
2255 4723 2626 4778 transitu’suo
2673 4724 2842 4776 undas
2893 4723 3084 4776 scindit
3130 4733 3186 4777 ct
3233 4725 3532 4789 cousulcat;
3584 4737 3640 4782 ut

2067 4796 2266 4864 sciatur
2293 4796 2416 4864 quia
2448 4793 2664 4864 transit,
2704 4801 2759 4846 et
2802 4807 2908 4844 non
2945 4793 3189 4864 videatur
3215 4796 3641 4864 qua_transierit.
3671 4803 3679 4863 ἶ

2068 4863 2248 4916 Visum
2295 4862 2435 4917 enim
2482 4863 2683 4916 habere
2731 4869 2942 4930 potest,
2988 4863 3269 4928 vestigium
3316 4862 3490 4918 facere
3538 4883 3642 4920 non
3676 4882 3688 4926 ·;

2066 4942 2260 5001 potest.
2297 4935 2404 5003 59
2442 4931 2683 5003 Christus
2710 4939 2791 4985 est
2828 4931 2978 4983 navis
3006 4931 3058 4983 in
3081 4946 3185 5000 qua
3215 4932 3512 5003 ascendunt
3530 4951 3643 4988 om-

2070 4999 2214 5056 nium
2243 4999 2570 5057 crédéntium
2601 5001 2816 5066 animm,
2847 5015 2966 5068 quae
2995 5009 3051 5052 ut
3082 4999 3190 5053 tcta
3217 4999 3434 5055 firmitas
3465 5004 3515 5057 in
3549 5003 3642 5058 llu-

2068 5072 2241 5124 ctibus
2271 5073 2546 5134 habeatur,
2574 5071 2640 5125 de
2669 5071 2811 5137 ligno
2839 5068 3146 5134 fabricatur,
3176 5079 3231 5123 et
3255 5070 3322 5124 de
3352 5070 3494 5126 ferro
3524 5090 3641 5128 con-

2071 5202 2180 5254 uias
2221 5203 2316 5255 viri
2355 5204 2410 5254 in
2450 5203 2729 5271 juvcnlute.
2776 5199 2918 5253 Talis
2953 5200 3041 5271 ria
3080 5200 3314 5271 mulieris
3335 5203 3638 5265 meretricis,

2071 5287 2182 5342 qua:
2200 5269 2475 5342 postquam
2499 5269 2674 5342 abluta
2705 5271 2880 5342 fuerit,
2906 5269 3034 5322 nillil
3063 5269 3188 5342 dicit
3209 5286 3264 5322 se
3293 5271 3474 5342 fecisse
3496 5272 3639 5342 mali.

2142 5289 2182 5324 te
2241 5289 2475 5342 08lquam
2499 5289 2674 5322 actura
2705 5289 2880 5340 iuerat,
2906 5289 3034 5322 nutu
3063 5289 3187 5322 aicu
3209 5289 3264 5322 se
3293 5289 3474 5339 ιεειεδε
3496 5289 3639 5324 mult.

2142 5340 2167 5378 δ
2199 5289 2327 5394 Ead.
2355 5341 2481 5394 edit.
2505 5379 2518 5400 ,
2553 5341 2684 5392 inter
2712 5341 2895 5407 fluctus
2933 5338 3222 5408 ostenderet
3250 5339 3326 5391 vel
3353 5340 3642 5408 prrescribe-

2069 5418 2144 5462 ret
2169 5412 2301 5480 riam
2320 5427 2433 5480 qua:
2464 5409 2608 5480 navis
2639 5409 2934 5480 transierith
2956 5407 3122 5480 Naris
3151 5409 3284 5460 enim
3307 5407 3526 5480 transitu
3551 5422 3641 5458 suo

2069 5479 2234 5532 undas
2264 5477 2472 5546 scindit,
2508 5488 2557 5531 et
2578 5479 2716 5531 illico
2742 5494 2795 5531 se
2818 5478 2959 5530 unda
2987 5478 3266 5532 condensat
3290 5493 3306 5529 :
3328 5485 3384 5528 ut
3414 5477 3644 5546 ridentur

2067 5549 2188 5617 quia
2209 5549 2430 5618 transiit,
2459 5545 2510 5600 et
2538 5564 2639 5618 non
2662 5549 2876 5618 sciatur.
2907 5588 2920 5600 .
2947 5587 2961 5600 .
2989 5586 3001 5601 .
3031 5588 3043 5600 .
3069 5563 3182 5618 qua:
3210 5557 3263 5600 ut
3283 5545 3485 5614 ﬁrmius
3511 5546 3648 5599 inter

2066 5619 2249 5686 ﬂuctus
2277 5617 2515 5671 ere/tatur
2543 5617 2605 5671 de
2633 5617 2793 5687 ligno,
2822 5625 2928 5672 etc.
