4138 6196
370 332 480 388 835

1852 333 2079 389 SERMO
2114 333 2227 391 XX.

3514 336 3623 393 836

371 448 519 528 _\'idit
673 454 728 528 et
756 448 905 528 cibos
925 446 1245 528 Salomonis,
1271 449 1321 504 id
1348 458 1442 528 est_
1461 458 1485 487 ⁸
1509 447 1660 528 velut
1679 448 1723 528 is
1742 447 1949 528 dequi-
1977 454 2028 511 Α
2057 453 2070 500 1
2108 449 2218 528 Deo
2246 465 2345 528 suo
2372 452 2646 521 perferens
2684 451 2842 520 digna
2881 450 3019 508 celo
3038 491 3057 528 _,
3087 447 3627 528 et_valituracmlum,

368 519 474 591 bus
519 516 732 591 diccbat
775 535 788 569 :
837 516 984 591 Meus
1024 517 1161 591 cibus
1191 528 1265 572 est
1317 526 1371 591 ut
1416 520 1609 591 faciam
1642 520 1951 591 uoluntatem

369 588 485 657 ejus
506 586 594 656 qui
612 586 752 639 misit
777 585 1059 657 inePatris
1084 587 1262 657 (Joan.
1298 588 1392 656 tv).
1416 585 1425 591 ’
1447 587 1609 643 Cibus
1638 587 1835 657 Christi
1872 596 1953 641 est

370 654 741 726 s'alus'nostra.
777 655 1031 726 Relicitur
1070 654 1373 726 caelestibus
1401 658 1599 726 epulis,
1626 654 1955 726 profectibus

373 725 593 795 nostris.
619 724 783 795 Cibus
810 725 925 793 ejus
950 741 1131 779 sumus
1149 766 1163 791 ,
1192 725 1315 780 dum
1344 724 1587 795 aeq—uisiti
1623 724 1870 779 Ecclesia:
1899 727 1952 779 in

372 794 615 865 membra
645 793 671 831 δ
696 794 841 861 ejus,
888 809 1083 862 corpus
1102 810 1139 865 ,ζ
1165 795 1309 865 quod
1339 793 1655 858 transimus;
1692 796 1773 865 vel
1804 796 1954 849 cibus

373 864 623 933 salutaris
668 872 999 916 sacramenta
1046 864 1280 919 caelestia
1307 906 1321 930 ,
1375 866 1442 919 de
1478 865 1673 933 quibus
1718 864 1949 918 dicitur:

374 932 576 1004 Panem
597 933 718 1004 caeli
759 933 897 986 dedit
934 934 1042 1004 eis,
1058 952 1251 1004 panem
1292 932 1591 1004 angelorum
1628 934 1955 987 manducavit

375 952 575 986 ranem
607 952 717 985 cum
759 952 896 986 aeau
934 952 1026 997 eis,
1103 952 1251 988 anem
1292 952 1591 1004 angelorum
1628 952 1954 987 manaucavu

375 1003 528 1073 homo
558 1002 729 1073 (Psal.
761 1002 981 1073 Lsxvu).
1031 952 1173 1057 Vidit
1218 1012 1273 1057 et
1312 1004 1621 1057 holocausta
1657 1004 1798 1070 ejus,
1829 1018 1954 1057 ora-

376 1071 586 1141 tionum
632 1071 747 1125 sine
790 1071 952 1125 dubio
993 1073 1546 1141 supplicationumque
1581 1085 1601 1111 ε
1637 1072 1950 1141 ministeria,

376 1138 405 1177 ἀ
435 1148 491 1195 et
532 1142 808 1196 obstupuit
854 1141 942 1193 ubi
984 1138 1116 1195 vidit
1163 1138 1556 1196 inaestimabiles
1604 1142 1814 1196 divitias
1850 1140 1957 1195 Do-

377 1210 510 1264 mini
540 1210 653 1274 sui;
683 1210 923 1279 dixitque
952 1210 1019 1263 ad
1041 1225 1222 1278 regem
1250 1230 1261 1263 :
1305 1210 1465 1264 Verus
1494 1220 1568 1265 est
1590 1221 1955 1280 sermo°quem

378 1281 651 1332 audieram
677 1281 730 1332 in
757 1290 894 1333 terra
915 1297 1030 1333 mea
1059 1296 1211 1348 super
1238 1280 1559 1334 sermonibus
1598 1283 1695 1333 tuis
1729 1290 1777 1333 et
1809 1296 1959 1349 super

377 1349 638 1419 sapientia
679 1358 765 1402 tua
789 1389 804 1412 ,
845 1358 894 1401 et
934 1365 1035 1403 non
1076 1350 1393 1403 credideram
1427 1350 1761 1419 narrantibus
1797 1349 1957 1402 donec

378 1418 493 1487 ipsa
523 1418 636 1470 veni
671 1435 749 1471 ac.
771 1419 874 1471 vidi
919 1420 1082 1471 oculis
1122 1420 1274 1481 meis,
1313 1426 1371 1488 et
1395 1418 1605 1487 probavi
1627 1419 1762 1488 quod
1790 1419 1959 1471 media

379 1504 502 1555 pars
528 1488 763 1540 nuntiata
784 1488 911 1540 mihi
930 1505 1032 1540 non
1058 1490 1266 1557 fuisset;
1303 1487 1319 1524 τ
1346 1490 1547 1558 majora
1569 1487 1686 1558 sunt
1707 1489 1961 1558 sapientia

378 1564 427 1628 e_t
458 1573 613 1625 opera
658 1566 743 1609 tua
782 1574 933 1627 quam
967 1556 1144 1628 rumor
1172 1574 1315 1628 quem
1341 1556 1513 1610 audivi
1710 1556 1838 1627 Reg.
1880 1556 1956 1628 is).

381 1624 515 1678 Cum
546 1640 675 1693 ergo
705 1636 727 1671 8
757 1624 1003 1695 pervenit
1032 1624 1213 1694 regina
1235 1628 1368 1691 bmc,
1400 1628 1511 1681 sive
1546 1624 1817 1693 Ecclesia,
1849 1624 1961 1680 sive

380 1709 712 1766 quaecunque
758 1696 933 1749 anima
982 1700 1197 1758 sancta,
1244 1713 1364 1751 cum
1395 1697 1696 1766 pervenerit
1726 1696 1775 1748 in
1805 1704 1962 1748 mter-

383 1779 514 1835 nam
538 1762 830 1835 Jerusalem
856 1807 871 1831 ,
918 1766 968 1819 id
1000 1774 1080 1820 est
1123 1762 1555 1835 visioncm'pacis
1581 1807 1595 1829 ,
1645 1774 1699 1819 et
1725 1766 1959 1832 ingressa

381 1832 546 1885 fuerit
573 1833 782 1887 beatam
813 1835 1051 1902 rcquicm
1083 1844 1135 1889 et
1163 1836 1383 1903 gloriam
1410 1832 1705 1890 caelestium
1735 1836 1962 1903 promis-

381 1916 566 1955 sorum
592 1947 607 1968 ,
661 1904 829 1957 multo
869 1906 1023 1972 plura
1068 1914 1121 1958 et
1170 1904 1628 1971 magnificentiora
1670 1904 1961 1973 perspiciet

382 1987 545 2039 quam
576 1973 625 2026 ei
656 1973 707 2026 in
736 1974 836 2043 hac
867 1983 1006 2027 terra
1037 1990 1134 2043 per
1166 1990 1316 2028 sacra
1347 1975 1579 2043 eloquia,
1604 1989 1702 2043 per
1727 1974 1961 2041 prophe-

382 2048 467 2093 tas
496 2049 550 2094 et
577 2042 847 2110 apostolos
876 2042 1116 2097 nuntiata
1148 2044 1380 2098 fuerunt.
1432 2042 1581 2098 Nunc
1608 2042 1755 2097 enim
1792 2045 1813 2077 ιι
1847 2050 1965 2095 tan-

382 2125 546 2192 quam
591 2126 685 2191 per
727 2114 1099 2192 specu-tumet
1148 2115 1212 2192 in“
1241 2114 1561 2192 tenigmantc,
1612 2122 1737 2192 tunc
1785 2122 1962 2192 autem

383 2179 557 2233 oculis
584 2182 693 2235 suis
722 2179 953 2247 videbit,
989 2183 1040 2236 id
1074 2192 1155 2237 est
1187 2182 1319 2236 facie
1351 2179 1423 2236 ad
1454 2182 1661 2236 faciem.
1693 2180 1845 2245 Cum,
1880 2181 1961 2234 in-

382 2263 565 2319 quam,
600 2266 931 2319 unaqumquc
961 2252 1135 2305 anima
1168 2251 1336 2306 fidelis
1364 2267 1426 2305 ac
1452 2260 1635 2305 sancta
1667 2253 1718 2303 in
1742 2251 1831 2303 illo
1862 2266 1964 2303 sm-

382 2318 507 2372 culo
537 2316 550 2354 ί
584 2316 743 2387 plena
790 2316 1056 2375 bonorum
1105 2320 1390 2383 fructibus,
1424 2321 1617 2375 divinis
1646 2321 1803 2373 fuerit
1828 2335 1965 2387 prte-

382 2395 593 2442 sentata
642 2391 1051 2459 conspectibus,
1091 2392 1349 2445 exhibens
1377 2390 1606 2460 seipsam
1638 2390 1961 2459 exemplum,

463 2555 487 2581 "
518 2544 650 2601 Cod.
678 2548 860 2614 Laur.,
885 2550 1016 2602 velut
1051 2548 1189 2614 illos,
1226 2546 1361 2603 Cod.
1400 2546 1603 2612 Later.,
1643 2547 1700 2601 id
1720 2555 1816 2612 est,
1846 2548 1971 2601 vidit

385 2613 621 2688 illos,_de
644 2618 822 2688 quibus
848 2613 952 2671 dic.
1164 2613 1180 2688 ς
1954 2666 1957 2671 λ

462 2684 499 2759 δ.
518 2683 675 2759 Ορὰέ
706 2686 887 2751 Laur,
935 2689 988 2740 in
1019 2686 1248 2759 membra
1272 2728 1286 2751 ,
1343 2705 1626 2759 corpusque
1669 2690 1965 2742 transimus.

386 2753 525 2829 cod.
648 2755 784 2829 Pet.,
817 2760 871 2811 in
909 2756 1135 2829 membra
1172 2758 1314 2827 ejus,
1365 2753 1646 2829 corpusque
1669 2759 1966 2829 transimus,

387 2823 523 2898 velut
546 2826 688 2898 cibus
718 2828 829 2898 ejus
866 2828 1049 2881 altaris
1080 2823 1432 2891 sacramenta,
1463 2823 1574 2880 etc:
1600 2827 1738 2898 Cod._
1764 2823 1965 2898 Later.,

388 2894 443 2967 in
476 2894 699 2967 membra
722 2894 850 2967 ejus,
894 2911 1174 2966 corpusque
1200 2898 1510 2961 transimus;
1557 2898 1634 2950 vel
1671 2896 1830 2963 cibos,
1856 2896 1967 2965 ejus

390 2962 574 3017 altaris
595 2962 940 3021 sacramenta.

467 3043 489 3105 ς
522 3033 683 3105 [idem
706 3036 861 3105 codd.
894 3036 1078 3099 Laur.,
1101 3036 1157 3089 S.
1184 3035 1299 3088 Pet.
1329 3042 1383 3088 et
1411 3033 1614 3102 Later.,
1638 3037 1904 3105 mysteria.

464 3100 489 3138 ἀ
517 3102 687 3158 Codd.
714 3104 771 3159 S.
806 3104 921 3160 Pet.
952 3115 1008 3160 et
1037 3105 1216 3158 Later.
1235 3145 1249 3168 ,
1275 3105 1550 3170 obstupuit.
1591 3100 1673 3158 Ibi
1693 3100 1837 3169 vidit,
1867 3113 1969 3160 etc.

468 3181 491 3243 ς
522 3172 686 3243 Iidem
709 3174 862 3229 codd.
892 3175 949 3229 S.
982 3174 1097 3229 Pet.
1122 3183 1175 3227 et
1204 3173 1405 3237 Later.,
1435 3190 1581 3243 quem
1606 3174 1795 3228 audivi.

469 3240 488 3278 ί
522 3242 655 3315 Cod.
686 3243 871 3315 _Laur.,
895 3246 1063 3315 major
1083 3253 1157 3297 est
1177 3244 1432 3313 sapientia
1448 3240 1562 3295 tua.

467 3321 491 3382 ξ
523 3312 654 3382 Cod.
686 3313 885 3379 Later.,
910 3312 1211 3382 pervenerit.

470 3377 497 3415 ¹³
527 3380 693 3435 Codd.
724 3384 780 3437 S.
798 3366 1045 3439 Petret
1076 3383 1253 3437 Later.
1273 3423 1289 3448 ,
1339 3391 1581 3451 tanquam
1609 3384 1664 3436 in
1693 3385 1898 3453 speculo
1926 3392 1975 3438 et
2002 3366 2047 3429 ο

395 3453 451 3503 in
475 3453 763 3521 tenigmate.

429 3518 499 3641 ni,
527 3518 695 3575 Codd.
720 3538 907 3577 omnes
935 3524 1050 3579 citt.
1079 3564 1094 3588 ,
1142 3524 1295 3593 plena
1336 3522 1585 3576 bonorum
1616 3540 1825 3592 operum
1863 3526 1974 3593 fru-

450 3606 466 3641 i
504 3606 581 3641 us.

394 3605 581 3643 6180218.

474 3659 488 3732 i
530 3659 663 3732 Cod.
697 3660 881 3732 Laut,
915 3661 1024 3717 Deo
1049 3680 1139 3716 suo
1163 3665 1468 3732 praeferens.

470 3728 497 3764 λ
530 3729 672 3784 ldem
706 3732 828 3786 cod.
854 3730 1040 3798 Laur.,
1078 3728 1395 3785 diversarum
1426 3738 1730 3785 ornamenta
1753 3731 1829 3784 vel
1850 3731 1978 3784 ado-

395 3809 633 3853 rantenta
672 3802 932 3854 virtutum.
978 3801 1144 3855 Codd.
1176 3800 1232 3854 S.
1264 3800 1377 3855 Pet.
1423 3810 1478 3855 et
1519 3800 1721 3866 Later.,
1754 3801 1979 3855 diverso-

396 3884 515 3919 rum
544 3870 883 3924 adoramenta
908 3872 1227 3924 meritorum.

479 3939 491 3973 ¹
530 3938 669 4010 Idem
700 3941 830 4010 cod:
856 3940 1038 4005 Laur.,
1070 3942 1330 4010 inﬁnitum
1350 3942 1564 3996 multum
1589 3940 1759 3993 nimis.

470 4008 706 4080 nlCodd.
725 4009 786 4080 S.
807 4009 944 4073 Pet.,
970 4008 1144 4063 Casin‘.
1170 4019 1223 4063 et
1254 4010 1431 4074 Laur.,
1456 4012 1509 4063 in
1538 4026 1593 4062 se
1614 4011 1981 4080 reconsignans

397 4076 484 4145 pio
512 4078 857 4147 ina'stimabili
886 4082 1105 4147 pretium
1140 4080 1510 4144 Redemptoris.
1574 4082 1583 4094 '

471 4156 497 4181 υ
528 4145 675 4201 idem
704 4149 823 4203 cod.
854 4145 909 4202 S.
942 4148 1057 4203 Pet.
1076 4190 1089 4213 ,
1122 4150 1405 4203 caelestibus
1434 4149 1724 4202 mirabilius
1748 4149 1977 4219 inferen-

2054 517 2388 589 multiplicia'
2414 536 2634 575 munera
2659 562 2673 585 ,
2698 517 2936 588 gemmas
2980 517 3377 582 misericordia;
3412 517 3631 589 iustitia

2054 587 2393 656 margaritas,
2444 590 2469 627 ι
2519 587 2849 645 diversorum
2897 589 3367 643 odoramentorum
3413 587 3643 656 merita,

2056 658 2108 711 id
2136 655 2219 712 eSt
2265 668 2503 714 aromata
2532 659 2985 728 compunctionis,
3016 666 3069 728 et
3106 672 3267 712 suave
3295 657 3487 728 olentis
3515 655 3629 728 bal-

2056 743 2202 781 sama
2231 731 2489 783 castitatis
2517 724 2818 798 perferens,
2858 729 2993 781 sicut
3011 727 3149 798 dixi,
3173 742 3379 798 aurum,
3403 725 3418 762 ι
3454 724 3629 798 inlini-

2058 806 2169 850 tum
2218 798 2402 862 nimis,
2445 799 2499 853 id
2518 794 2621 853 'est
2656 800 2921 865 integrum
2945 807 2981 833 ιιι
3006 797 3059 850 in
3089 811 3149 850 se
3176 796 3514 862 reconsignat
3536 794 3629 865 pio

2057 866 2413 922 inmstimabili
2444 868 2617 936 pretio
2658 862 3004 936 Redemptori
3042 865 3406 934 spiritualibus
3452 862 3630 936 cordis

2058 945 2113 989 et
2139 939 2383 1006 corporis
2411 934 2770 992 oblationibus
2805 935 3083 1006 placitura,
3117 942 3175 987 ut
3216 935 3386 1006 possit
3412 944 3437 1006 ξι
3469 934 3631 988 caele-

2058 1004 2581 1061 stium'mirabilium
2630 1004 2914 1059 inserenda
2966 1019 3152 1059 vocem
3179 1004 3503 1072 prophetica
3533 1018 3629 1056 ex-

2058 1075 2359 1130 sultationis
2400 1092 2707 1131 assumere:
2743 1072 2975 1128 Introibo
3015 1075 3069 1127 in
3111 1073 3314 1127 domum
3353 1082 3487 1125 tuam
3518 1087 3632 1123 cum

2059 1145 2372 1199 holocaustis
2404 1145 2575 1213 (Psal.
2607 1144 2753 1213 va).
2781 1143 2929 1197 Tunc
2952 1144 3108 1196 beata
3129 1150 3184 1196 et
3210 1152 3233 1178 ο
3265 1142 3484 1213 illustris
3511 1140 3630 1213 ani—

2059 1229 2145 1266 ma
2167 1216 2307 1268 intus
2335 1210 2624 1283 stupendas
2656 1210 3133 1283 remunerationes,
3164 1227 3296 1281 quas
3322 1212 3469 1283 videt
3494 1210 3634 1283 vitas

2060 1278 3031 1357 constitutas,fineliabilibusureginzn
3068 1278 3227 1348 hujus
3259 1281 3435 1334 verbis
3464 1280 3537 1332 uti
3556 1278 3634 1357 ad.

2061 1353 2228 1406 Deum
2251 1356 2482 1421 poterit,
2524 1354 2706 1407 dicens
2731 1372 2742 1404 :
2796 1352 2955 1404 Verus
2984 1360 3059 1404 est
3098 1347 3266 1403 sermo
3296 1365 3443 1421 quem
3464 1347 3634 1401 audivi

2060 1423 2111 1474 in
2146 1418 2280 1475 terra
2322 1440 2437 1475 utea
2476 1424 2749 1492 super67
2777 1421 3100 1492 sermonibus
3138 1421 3256 1492 tuis,
3279 1418 3482 1492 majora
3518 1424 3636 1470 sunt

2061 1508 2219 1613 apem
2248 1500 2335 1544 tua
2368 1487 2732 1563 quam'rumorT
2753 1507 2901 1571 quem
2929 1490 3120 1570 audivi.
3166 1488 3281 1543 Hoc
3308 1496 3391 1541 est
3414 1487 3595 1567 dicere
3620 1504 3631 1537 :

2131 1560 2390 1613 Domine.
2434 1562 2501 1613 de
2547 1560 2983 1613 retributtombus
3031 1568 3135 1613 tuis
3182 1572 3376 1613 magna
3421 1556 3631 1613 quidem

2131 1556 2391 1625 Domine,
2434 1562 2501 1615 de
2547 1556 2983 1614 retribut‘ionibus
3031 1560 3135 1613 tuis
3182 1572 3376 1626 magna
3421 1556 3637 1625 quidem

2062 1645 2279 1700 sperare
2308 1632 2640 1700 prmsumpsi,
2668 1630 2761 1685 sed
2789 1628 3002 1700 majora;
3019 1629 3315 1700 percepi;_r
3336 1626 3504 1700 vincit
3532 1641 3642 1679 ma.

2062 1697 2254 1753 nifeste
2278 1740 2292 1764 ,
2311 1697 2496 1769 _quam
2543 1697 2726 1765 cerno,
2758 1697 3051 1769 multitudo
3074 1697 3497 1752 tuaz’dulcedinis
3526 1711 3638 1748 ma-

2064 1766 2392 1836 gnitudinem
2433 1770 2772 1837 cogitationis
2809 1783 2961 1823 meat.
3031 1766 3261 1822 Sensum
3299 1774 3529 1837 superat
3545 1780 3639 1818 ex-

1992 1820 2041 1881 B
2065 1820 2410 1905 speciatim;
2440 1820 3031 1905 ensisg‘,"'snsvem
3048 1820 3117 1891 rid
3146 1820 3293 1906 quod
3312 1820 3485 1905 mimi
3502 1833 3642 1887 Deus

2065 1907 2405 1974 diligentibus
2444 1923 2520 1971 se,
2572 1909 2673 1961 ﬁde
2720 1922 2827 1961 non
2873 1906 3362 1974 comprehenditur,
3408 1918 3503 1974 spe
3533 1918 3640 1955 non

2068 1973 2364 2043 attingitur,
2409 1980 2518 2045 68
2563 1978 2790 2032 caritate
2846 1991 2954 2045 non
2997 1973 3225 2045 capitur,
3276 1973 3539 2045 desideria
3587 1980 3642 2025 el.

2067 2054 2193 2099 vota
2222 2044 2625 2113 transgrbditur.
2662 2044 2876 2113 Acquiri
2906 2044 3103 2113 potest,
3128 2044 3379 2097 azstimari
3410 2058 3514 2113 non
3545 2057 3642 2113 po-

2068 2122 2191 2168 test.
2218 2127 2244 2164 ιι
2278 2111 2485 2169 Videbit
2514 2117 2672 2170 homo
2709 2111 3034 2168 merita—sua
3070 2125 3089 2150 τ
3116 2111 3456 2181 inseparabili
3486 2111 3643 2181 retri-

2067 2183 2344 2253 butionum
2376 2185 2620 2253 largitate
2648 2199 2911 2239 crescere.
2949 2182 3179 2253 Habebit
3209 2180 3277 2253 de
3297 2180 3641 2253 perceptione

2068 2252 2318 2316 fructum,
2352 2246 2482 2307 nom
2505 2253 2723 2308 habebit
2768 2253 2836 2307 de
2877 2262 2898 2289 ³
2942 2252 3189 2306 satietate
3238 2246 3527 2303 fastidium.
3562 2246 3643 2300 Ad

2067 2337 2185 2389 qua:
2225 2338 2324 2376 nos
2370 2323 2511 2376 bona
2554 2323 2813 2392 perducat
2856 2322 2948 2390 qui
2997 2320 3127 2374 vivit
3156 2327 3211 2375 et
3250 2326 3436 2387 regnat
3462 2319 3513 2371 in
3543 2332 3643 2371 ste-

2066 2392 2185 2446 cula
2214 2392 2547 2447 saeculorum.
2581 2392 2769 2447 Amen.

2072 2550 2140 2602 da
2168 2565 2306 2604 voce.
2333 2559 2437 2604 etc.

2146 2592 2546 2684 °ded.vfaur.,
2574 2618 2806 2674 illustris
2821 2617 2997 2672 anima
3023 2619 3158 2672 inter
3180 2618 3454 2687 stupendas
3478 2633 3644 2670 remu-

2070 2688 2325 2742 neratoris
2376 2690 2457 2742 sui
2491 2690 2770 2742 constituta
2819 2689 3023 2742 divitias
3068 2686 3415 2755 ine/fabilibus
3453 2688 3645 2756 regina:

2248 2757 2410 2840 verbis
2431 2759 2506 2811 uti
2543 2758 2612 2840 ad
2642 2756 2837 2840 Deum,
2882 2757 3096 2811 dicens:
3126 2753 3295 2825 Super
3330 2753 3649 2840 sermonibus

2072 2825 2172 2898 tuis
2200 2830 2405 2898 majora
2441 2837 2560 2881 sunt
2585 2844 2746 2898 opera
2765 2837 2853 2898 tua
2881 2844 3034 2898 quam
3066 2842 3427 2898 rumor,un
3452 2825 3642 2898 audivi,

2074 2897 2167 2951 hoc
2189 2895 2469 2961 estdicere,
2501 2895 2769 2951 etc.'Cod.
2803 2896 2860 2950 S.
2893 2895 3009 2950 Pet.
3030 2939 3043 2959 ,
3084 2895 3301 2949 illustris
3320 2896 3493 2947 anima
3515 2896 3648 2947 inter

2074 2966 2354 3036 stupendas
2386 2968 2780 3036 remuneratoris
2823 2969 2903 3020 sui
2940 2967 3145 3036 divitias
3170 2966 3443 3036 constituta
3468 2962 3649 3036 _i_neﬂ'a~

2079 3032 2263 3107 bilibus
2292 3036 2487 3107 regina:
2505 3036 2656 3106 hujus
2677 3034 2840 3090 verbis
2860 3038 2934 3090 uti
2957 3036 3024 3088 ad
3048 3033 3416 3107 Deum‘pqterit
3444 3032 3647 3107 dicens:

2088 3104 2252 3159 Verus
2268 3102 2533 3159 est'sermo
2566 3102 2718 3175 quem
2756 3107 2954 3169 audivi,
2977 3113 3081 3158 etc.
3115 3102 3260 3175 Cod;
3282 3102 3461 3175 Later.
3491 3102 3651 3155 etiam

2079 3174 2153 3227 ita
2178 3175 2337 3243 legit;
2370 3175 2533 3243 habet
2557 3171 2734 3228 tamen
2760 3193 2771 3225 :
2804 3176 2879 3227 uti
2899 3175 3102 3243 poterit,
3131 3174 3200 3225 ad
3223 3171 3385 3225 Deum
3408 3171 3604 3243 dicens.

2153 3252 2191 3322 ιζ.
2211 3239 2343 3322 Cod.
2374 3242 2431 3295 S.
2463 3242 2602 3322 Pet.,
2635 3239 3117 3322 vinciimanifesta,
3148 3258 3302 3311 quam
3327 3256 3508 3303 cerno,
3539 3239 3654 3322 dul-_

2080 3313 2275 3365 cedinis
2320 3313 2621 3379 magnitudo
2667 3313 2993 3381 cogitationis
3032 3327 3161 3381 mea!
3188 3326 3414 3381 sensum,
3447 3317 3654 3381 superat

2079 3376 2686 3453 cogitationis—effectum.
2729 3376 3066 3453 'Cod.raulem
3100 3378 3431 3453 Cas_in._l_egit
3460 3395 3471 3429 :
3501 3376 3653 3453 vincit

2075 3448 2376 3521 ménifesta,
2408 3448 2560 3521 quam
2591 3466 2761 3514 cerno,
2793 3450 3008 3503 dulcedo
3034 3448 3439 3521 magnitudinem
3466 3448 3654 3521 gogita—

2078 3515 2232 3575 tionis
2270 3515 2433 3585 meae,
2483 3536 2686 3575 sensum
2724 3528 2930 3589 superat
2974 3515 3375 3589 exspectationis
3418 3515 3650 3589 aﬂ‘ect‘us.

2078 3590 2212 3645 Cod.
2245 3580 2456 3655 Lateri,
2487 3591 2758 3659 affectum;
2785 3580 2843 3642 'in
2872 3580 3091 3657 reliquis
3116 3585 3407 3659 conformis
3435 3580 3520 3637 est
3546 3580 3653 3636 Ca-

2078 3661 2180 3782 sDin.
2215 3659 2417 3782 Deitnde
2446 3654 2587 3714 vero
2628 3658 2789 3713 habet
2814 3676 2825 3711 :
2866 3666 2916 3712 et
2952 3654 3124 3710 revera
3150 3655 3207 3710 id
3231 3654 3366 3727 quod
3393 3659 3653 3725 praeparat

2133 3747 2240 3782 eus.
2273 3744 2303 3782 e
2329 3744 2378 3782 c.

2133 3747 2240 3790 eus.
2273 3736 2378 3783 etc.

2155 3810 2180 3847 «ι
2210 3798 2343 3851 Cod.
2378 3799 2578 3862 Later.,
2636 3798 2840 3851 Videbit
2891 3798 3041 3852 homo
3070 3797 3252 3850 merita
3292 3809 3387 3849 sua
3416 3792 3479 3847 ob
3507 3791 3655 3843 insu—

2082 3868 2379 3940 spicabilem
2408 3868 2799 3923 retributionum
2829 3869 3122 3938 largitatem
3145 3866 3456 3919 decrescere.

2160 3949 2180 3976 τ
2212 3936 2346 3993 Cod.
2376 3937 2434 3993 S.
2460 3937 2602 4003 Pet.,
2632 3936 2694 3993 ob
2721 3937 3115 4008 insuperabilem
3136 3935 3525 3989 retributionum
3549 3926 3657 3981 lar-

2333 3978 2346 3990 .
2377 3977 2434 3993 υ.
2461 3977 2483 3991 ι
2505 3977 2602 4003 υ.ο’

2082 4015 2489 4158 θυίηὲξίςὶοόό.
2518 4076 2573 4131 S.
2614 4078 2728 4132 Pet.
2769 4085 2825 4131 ct
2854 4077 3031 4130 Later.
3064 4089 3249 4129 vocem
3280 4073 3518 4127 satietate
3544 4065 3655 4122 suf-

2079 4162 2200 4200 mus
2223 4154 2343 4199 voci
2371 4154 2630 4199 societate.

1302 4380 1480 4485 SE
1494 4376 1824 4484 CUJV'
1821 4372 2049 4481 DA
2123 4372 2770 4480 CLASSIS.

1803 4650 2068 4711 SERMO
2111 4650 2260 4710 XX.

1311 4749 1384 4803 De
1410 4748 1471 4804 S.
1506 4747 1725 4802 Eusebio
1755 4748 1993 4817 episcopo
2024 4757 2073 4801 et
2100 4755 2334 4815 martyre
2372 4744 2684 4797 Vercellensi
2715 4743 2763 4795 1.

1845 4833 2234 4891 ΑΟΜΟΝῙΤΙΟ.

475 4933 611 4999 Quid
641 4933 933 4987 sentiamus
961 4934 1026 4985 de
1055 4934 1137 4987 his
1165 4932 1499 4987 sermonibus
1526 4946 1556 4985 a
1584 4930 1878 4985 Muratorio
1925 4930 1975 4983 in
1993 4934 2135 5001 tom.
2170 4924 2236 5001 iV
2269 4911 2665 5001 Anecdotorum
2695 4924 2884 5001 editis,
2916 4924 3045 5001 satis
3088 4924 3138 4977 in
3169 4921 3445 5001 superiore
3471 4924 3659 5001 praela-

402 4992 552 5057 tioﬁc
574 5002 822 5057 diximus.
865 5001 911 5055 Α
956 5001 1173 5058 Venetis
1214 5018 1431 5073 quoque
1477 5001 1823 5073 typographis
1866 5008 1922 5053 et
1960 4998 2027 5051 ab
2074 4995 2287 5050 Andrea
2335 4995 2635 5061 Gallandio,
2684 4994 2837 5062 cujus
2866 4994 3151 5050 lectionem
3178 4992 3467 5061 sequimur,
3499 4992 3660 5048 iidem

402 5073 607 5137 vulgati
636 5082 777 5127 sunt.

402 5167 793 5243 Anapusuruu.
818 5199 888 5243 —_-
997 5166 1214 5243 Eu_seb_i_o
1246 5167 1426 5243 beatus
1449 5164 1855 5243 Exuperantiu‘s,
1872 5164 1982 5243 ejus
2010 5163 2062 5223 D
2088 5172 2309 5243 cet-pere
2330 5164 2594 5243 εξειςηωω.
2611 5150 3519 5243 ineffabilquegimudoctriparuip

475 5238 775 5304 discipulus,
815 5239 1017 5292 similis.
1052 5238 1112 5291 S.
1144 5236 1354 5289 Eusebii
1382 5238 1589 5289 virtutes
1620 5245 1770 5303 atque
1797 5235 1981 5303 impri-

476 5308 574 5359 mis
599 5307 877 5375 fortitudo;
922 5310 1005 5377 qui
1055 5307 1333 5360 monachos
1373 5306 1613 5377 instituit
1641 5304 1842 5377 eosdem
1873 5317 1982 5355 esse

477 5373 606 5446 quos
638 5377 879 5440 clericos;
908 5373 1264 5430 haereticorum
1303 5374 1641 5446 fraudulentis
1676 5373 1871 5425 artibus
1903 5388 1984 5423 re-

478 5446 627 5511 stitit,
659 5455 711 5498 ut
738 5447 889 5516 ﬁdem
918 5448 1218 5516 incolumem
1247 5454 1499 5516 servaret;
1543 5445 1853 5516 Arianorum
1877 5458 1989 5510 per-

479 5516 617 5636 ﬁdi:
651 5514 849 5587 martyr
874 5515 1024 5582 obiit,
1075 5515 1493 5570 Machabazorum
1532 5514 1689 5567 choro
1734 5526 1985 5564 annume-

482 5602 577 5636 ran
618 5603 699 5636 us.

482 5602 699 5640 ranaus.

408 5750 413 5753 »
485 5717 572 5776 Ad
600 5719 655 5774 S.
678 5719 927 5792 martyris
949 5718 1164 5777 Eusebii
1185 5717 1395 5777 laudem
1427 5714 1629 5787 aliquid
1659 5712 1873 5779 addere,
1902 5714 1990 5769 de-

2087 5222 2252 5297 gister
2272 5228 2512 5292 exstitit,
2542 5235 2601 5280 ut
2635 5226 2824 5297 merita
2864 5224 2979 5297 ejus
3018 5222 3224 5297 facilius
3253 5225 3503 5289 cognosci
3527 5237 3662 5297 pos-

2088 5291 2196 5353 sint
2235 5312 2396 5378 quam
2423 5291 2761 5377 sermonibus
2786 5293 3062 5363 explicari.
3097 5292 3322 5378 Tantum
3352 5305 3494 5378 ergo.
3510 5291 3574 5344 de
3596 5306 3662 5343 eo

2090 5364 2416 5423 conscientia
2463 5366 2660 5421 retinet
2707 5373 2961 5434 quantum
3002 5364 3175 5417 oratio
3214 5370 3281 5434 et,
3300 5364 3534 5434 narratio
3556 5375 3661 5434 non

2089 5437 2385 5507 praevalet,
2411 5436 2576 5503 Igitur
2614 5428 2763 5507 gesta
2789 5432 2943 5507 illius
2986 5448 3113 5507 non__
3137 5432 3315 5486 verbis
3352 5428 3662 5507 adornanda

2089 5498 2242 5571 sunt,
2282 5504 2389 5575 sed
2431 5498 2835 5575 perstringenda
2865 5503 3144 5557 sententiis
3164 5519 3195 5575 ;_
3214 5500 3508 5575 prarsertim
3539 5498 3663 5575 quia

2093 5590 2193 5653 nos
2220 5570 2415 5629 Scimus
2433 5570 2561 5653 eam
2603 5570 2716 5627 rein
2746 5587 2993 5653 promere
3032 5588 3136 5627 non
3166 5570 3660 5653 debere-scsnioni-

2092 5646 2212 5709 bus,
2255 5658 2414 5710 quam
2456 5643 2698 5698 videmus
2740 5637 2851 5712 jam
2894 5651 3159 5712 comptam
3196 5652 3313 5693 esse
3339 5637 3661 5712 virtutibus;

2091 5708 2212 5771 cum
2242 5708 2383 5769 dicat
2409 5713 2695 5784 Apostolus
2721 5708 2990 5785 {Regnum
3018 5708 3141 5766 ’θεέ
3185 5725 3285 5763 non
3333 5708 3386 5761 in
3434 5717 3678 5760 senum
