4138 6196
525 265 633 328 887

1373 261 1708 317 APPENDIX
1741 257 2019 315 OPERUDI
2057 255 2114 312 S.
2157 257 2394 314 MAXIM!
2434 258 2893 317 TAURINENSIS.

3655 257 3766 320 833

526 391 624 447 est,
652 380 743 436 sed
754 380 820 450 in
845 379 1028 450 virtuge
1049 376 1103 448 (1
1129 377 1245 450 Cor.
1269 374 1365 443 tv).
1395 375 1537 444 Ergo
1558 376 1624 431 ad
1645 374 1970 450 meritaejus
1997 375 2093 450 ali:
2123 378 2169 434 Α
2196 377 2324 450 geri.
2358 375 2467 430 Vos
2489 375 2640 450 _enim
2659 415 2673 438 ,
2705 373 2904 442 inquit,
2947 373 3038 445 qui
3058 373 3235 430 dicitis
3272 372 3464 450 [filium
3493 373 3588 428 Dei
3620 374 3759 430 l’atri

525 445 656 520 quid
700 448 893 504 addere
919 445 1089 513 velle,
1113 445 1403 520 decerpere
1429 453 1533 512 est,
1568 449 1659 520 me
1686 446 1974 520 praecipue,
2003 445 2094 514 qui

525 514 582 575 ἐι
609 520 824 587 ignarus
851 531 1029 572 rerum
1057 514 1325 587 gestarum
1352 515 1492 587 sim,’
1518 525 1574 568 et
1589 514 1902 587 _littererum
1927 515 2096 582 impe-

524 582 662 642 ritus
703 601 974 642 sacrarum
1001 625 1016 647 ,
1045 582 1101 639 et
1141 585 1287 639 rudis
1310 582 1718 639 sacerdotalium
1740 582 2091 641 functionnm.

525 655 830 711 Petuissent
872 662 1049 708 autem
1097 654 1369 722 praedicari
1408 653 1522 708 inec
1561 653 1731 707 sancti
1758 652 2096 722 prtecesseris

524 725 632 779 mei
671 737 768 778 usu
807 724 1015 794 facilius
1036 763 1051 787 ,
1082 724 1450 792 experimento
1493 721 1775 794 probatius’
1793 762 1808 786 ,
1851 721 2095 794 doctrina

567 794 840 848 raeclarius
883 810 896 845 :
927 791 1178 855 demnum
1231 799 1286 846 et
1313 791 1521 860 patrem
1550 791 1855 860 specialiter
1877 791 2096 846 beatum

567 809 840 848 raeclartus
883 810 896 845 :
927 809 1178 855 oomnum
1231 809 1286 846 et
1313 809 1521 860 patrem
1550 809 1855 860 SpeCIalltel'
1879 809 2095 846 beatum

530 809 946 930 Exuperantium
998 861 1210 930 loquor,
1257 862 1347 930 qui
1378 861 1475 915 fuit
1513 860 1630 926 ejus
1657 861 1900 914 minister
1919 860 1973 913 in
2001 874 2095 930 se-

524 927 1000 1010 cerdetie,_cemes
1041 927 1092 1010 in
1124 927 1400 1010 martyrio,
1429 930 1697 1010 particeps
1720 930 1774 983 in
1800 930 2003 1010 labore.
2035 927 2092 983 In

523 1001 678 1070 cujus
719 1001 868 1055 vultu
914 1007 1160 1054 sanctum
1204 997 1746 1070 queque—Eusebium
1786 999 2096 1070 viderenos

524 1066 812 1150 gredi-mus,
843 1077 897 1123 et
916 1070 1068 1150 quasi
1093 1070 1146 1123 in
1174 1066 1404 1150 qiiedam
1430 1068 1648 1150 speculo
1673 1067 1927 1149 bonitatis
1955 1066 2096 1122 illius

524 1139 807 1208 imaginem
837 1135 1365 1208 contuemttr;'l'acile
1393 1135 1535 1192 enim
1562 1135 1934 1208 cognoscimus
1953 1150 2094 1208 _qua-

523 1209 588 1263 lis
608 1205 872 1278 magister
903 1206 1088 1272 fuerit,
1138 1207 1286 1275 cujus
1318 1208 1484 1278 talem
1512 1205 1763 1278 ridemus
1778 1220 1908 1278 esse
1936 1205 2096 1278 disci-

521 1273 730 1346 pulum:
775 1277 880 1332 Sed
907 1278 1160 1344 quoniam
1203 1273 1553 1331 confessionis
1582 1275 1721 1346 iilius
1746 1273 1930 1329 similis
1953 1274 2094 1329 hunc

522 1343 692 1416 gloria
732 1343 1038 1413 comitatur,
1072 1346 1289 1416 mavult
1331 1346 1560 1416 reticere
1603 1343 1790 1416 laudes
1815 1351 2091 1416 paternas,

519 1411 592 1470 ne
615 1416 870 1486 proprias
906 1411 1106 1486 pariter
1145 1415 1350 1486 jactare
1386 1414 1648 1486 videatur.
1692 1411 1837 1486 Quid
1869 1425 1998 1486 erge
2026 1412 2094 1486 de

524 1481 773 1554 martyris
818 1481 1037 1554 Eusebii
1084 1481 1252 1552 gloria
1276 1483 1560 1554 praedicem
1579 1524 1595 1550 ,
1620 1481 1911 1554 cujustota
1941 1481 2092 1554 plebs

523 1554 624 1606 ista
645 1550 714 1607 sit
733 1554 939 1621 gloria?
960 1552 1028 1606 Et
1044 1550 1172 1622 cum
1201 1550 1345 1607 dicat
1365 1551 1650 1622 Scriptura
1665 1550 1694 1604 :'
1726 1550 1905 1605 Gloria
1923 1550 2090 1622 patris

522 1632 610 1704 est.
623 1619 762 1704 filius
783 1621 1189 1704 sapiats_(Prov.
1214 1623 1290 1692 x);
1321 1619 1533 1704 quanta:
1562 1619 1719 1704 hujus
1743 1628 1867 1704 sunt
1885 1619 2087 1704 gleriaz,

521 1689 916 1762 qui'tantorum
964 1689 1190 1762 filiorum
1214 1689 1524 1762 isapientia_
1541 1698 1597 1744 et
1631 1691 1916 1762 devotione
1945 1689 2089 1743 heta-

524 1761 653 1815 tur?
693 1760 752 1815 In
779 1761 1175 1831 _Christoenim
1205 1759 1328 1816 Iesu
1361 1776 1459 1831 per
1485 1759 1828 1831 Evangelium
1853 1760 1964 1828 ipse
1990 1774 2090 1813 nos

522 1831 723 1896 genuit.
763 1829 1031 1899 Quidquid
1078 1845 1204 1899 ergo
1251 1831 1303 1884 in
1351 1829 1452 1899 hac
1499 1837 1684 1883 sancta
1728 1829 1885 1897 plebe
1914 1835 2092 1899 potest

523 1913 643 1952 esse
667 1897 935 1953 virtutum“
963 1907 1018 1953 et
1044 1897 1244 1966 gratiae,
1274 1901 1327 1952 in
1348 1897 1404 1952 S.
1430 1898 1644 1952 Eusebii
1671 1897 1975 1966 magisterio
1996 1913 2090 1966 re-

524 1970 746 2036 peritur.
776 1967 855 2021 Ex
883 1969 989 2022 hoc
1015 1965 1192 2021 autem
1223 1969 1374 2036 quasi
1408 1968 1664 2036 virtutum
1692 1965 1841 2022 fonte
1869 1965 2090 2036 lucidis-

519 2037 658 2090 sime
694 2037 984 2091 rivulerum
1019 2035 1556 2105 puritas’emanavit.
1607 2035 1737 2089 Nam
1774 2036 1898 2104 quia
1929 2035 2092 2088 casti-

522 2106 648 2159 tatis
669 2107 851 2172 vigore
867 2106 1122 2175 pollebat,
1145 2107 1476 2175 propositum
1497 2105 1815 2171 virginitatis
1842 2105 2087 2175 instituit;

521 2175 645 2255 quia
675 2174 1010 2255 ebstinentia:
1037 2174 1364 2255 gloriabatur
1389 2175 1644 2255 angustiis
1661 2211 1676 2234 .
1704 2174 2090 2255 _monaeherum

525 2243 818 2298 introduxit
861 2243 1000 2299 forte
1049 2246 1354 2310 servitium;
1394 2243 1518 2312 quia
1560 2243 1935 2298 blandimentis
1977 2249 2094 2296 erat

521 2313 773 2383 praeditus
811 2313 1046 2368 lenitatis
1067 2354 1082 2379 ,
1124 2323 1438 2369 cunctorum
1467 2313 1659 2367 civium
1687 2313 1742 2383 in
1771 2313 1938 2366 Deum
1963 2327 2092 2380 pro-

521 2382 735 2437 vocavit
781 2383 1057 2453 allectum;
1125 2385 1248 2452 quia
1314 2383 1570 2453 pontificii
1627 2382 2094 2453 administratione

522 2453 789 2522 fulgebat,
834 2452 1014 2520 plures
1054 2468 1121 2507 ex
1144 2451 1425 2522 discipulis
1459 2451 1743 2522 sacerdotii
1770 2451 2095 2522 suircliquit

524 2521 790 2585 lia-.redes;
831 2523 1076 2589 quamvis
1122 2520 1362 2575 nonnulli
1417 2521 1598 2576 liberis
1637 2520 1747 2574 suis
1791 2520 2094 2589 relinquant

519 2589 637 2643 auri
683 2587 996 2658 argentique
1043 2592 1340 2654 thesauros,
1391 2603 1546 2648 nemo
1576 2599 1751 2645 tamen
1774 2587 1960 2645 sancto
1987 2587 2096 2642 Eu-

520 2659 673 2713 sebio
702 2657 925 2730 ditiores
949 2660 1164 2728 reliquit
1191 2677 1204 2714 :
1233 2660 1496 2730 siquidem
1542 2673 1730 2715 omnes
1772 2659 2096 2713 exstiterunt

520 2736 615 2781 aut
640 2729 984 2793 sacerdotes,
1029 2739 1123 2785 aut
1160 2729 1442 2793 martyres.
1492 2730 1644 2789 Nam,
1687 2737 1745 2784 ut
1791 2735 1982 2783 cetera
2007 2737 2093 2781 ta-

520 2812 710 2867 ceam_,
732 2798 863 2852 illud
889 2791 1103 2867 quoque
1129 2791 1444 2854 admirabile
1472 2808 1572 2862 est,
1599 2798 1741 2867 quod
1770 2798 1825 2852 in
1855 2799 1954 2852 hac
1978 2812 2098 2853 san-

519 2876 605 2922 eta
649 2865 1149 2932 Ecclesia—eosdem
1192 2869 1484 2924 monachos
1532 2865 1758 2922 instituit
1803 2881 1922 2921 esse
1958 2881 2094 2935 quos

519 2935 769 3006 ciericos,
795 2945 956 3004 atque
984 2937 1174 2992 iisdem
1202 2938 1562 3006 penetralibus
1589 2936 1944 3006 sacerdotalia
1973 2933 2094 2988 olli-

519 2998 602 3058 cia
631 2998 896 3059 contineri
917 3045 931 3069 ,
981 3007 1174 3072 quibus
1205 2998 1271 3060 ἐι
1309 3007 1592 3072 singularis
1618 3005 1934 3060 castimonia
1961 3018 2093 3057 con-

2198 445 2310 499 Deo
2336 444 2603 514 mqualcm
2619 459 2738 499 esse
2750 441 2864 514 non
2894 441 3079 514 posse,
3108 459 3205 498 cur
3231 443 3358 514 mihi
3393 441 3764 514 lilium_meum

2196 511 2539 584 pnetuIistis?
2574 513 2688 584 Qua
2730 512 2802 567 illi
2822 511 3049 584 ratione
3087 513 3314 584 perrupti
3343 513 3522 584 statim
3550 511 3610 564 S.
3644 511 3765 584 Dio-

2197 581 2331 655 nysii
2361 583 2773 655 chirographum
2801 581 3140 655 deleverunt,
3172 582 3407 655 priorem
3439 581 3614 655 locum
3645 582 3768 634 sub-

2195 649 2461 707 séribendi
2501 649 2658 706 beato
2687 650 2918 706 Eusebio
2947 649 3270 706 deferentes.
3299 649 3446 716 Quos
3475 650 3562 704 ille
3593 650 3766 704 incre-

2195 737 2330 792 pans
2353 729 2408 777 et
2425 721 2670 786 irridens,
2696 721 2770 792 sit
2793 739 2805 772 :
2829 720 3011 790 Neque
3031 735 3130 789 ego
3151 734 3242 792 me
3257 720 3447 774 vestris
3473 719 3766 792 sceleribus

2195 789 2415 862 pollue,
2461 805 2634 890 neque
2691 789 2854 844 filium
2899 789 3076 843 meum
3123 790 3398 843 vobiscum
3446 789 3766 858 participare

2195 861 2447 890 Ἀθη-νιξοοΛ
2516 859 2539 890 1
2569 861 2670 890 ..ΛΑ
2712 874 2831 890 num
2879 857 3017 890 Ᾱῖηηο
3045 859 3154 890 ΩΔ
3182 857 3526 890 Ρυηηηοιῖ-ηη
3569 858 3622 890 in
3669 859 3766 890 lum

2195 857 2466 930 permitto.
2516 857 2832 930 Undecum
2878 857 3155 930 dicatas
3182 857 3529 930 Evangelium
3569 857 3767 930 iubae

2195 927 2943 1000 generationeprudentieres
2967 927 3104 1000 filios
3116 927 3475 1000 tenebrarum
3485 941 3660 1000 quam
3695 928 3766 1000 lu-

2194 996 2307 1053 cis:
2341 1014 2466 1054 ecce
2510 996 2594 1054 bis
2636 997 2763 1067 ipsis
2809 998 3043 1067 tenebris
3087 997 3402 1067 prudentior
3447 996 3586 1067 filius
3635 997 3764 1053 lucis

2195 1067 2440 1123 inventus
2489 1076 2588 1120 est.
2633 1066 2781 1121 Tunc
2827 1066 2901 1120 illi
2931 1066 3164 1135 graviter
3192 1066 3529 1133 indignantes
3564 1066 3638 1118 ita
3666 1082 3760 1120 ne-

2193 1135 2413 1206 quitiam
2460 1149 2610 1206 suam
2636 1136 2795 1190 fuisse
2839 1135 3108 1198 delusam,
3155 1137 3308 1190 novis
3344 1150 3466 1189 eum
3494 1151 3592 1204 per
3617 1135 3760 1189 Cen-

2193 1205 2443 1261 stantium
2489 1205 2781 1274 principem
2829 1206 3164 1274 passionibus
3216 1212 3602 1274 vexaverunt;
3639 1220 3758 1258 nam

2232 1284 2318 1329 est
2344 1272 2536 1328 multas
2563 1272 2783 1342 injurias
2823 1272 3056 1330 Orientis
3079 1275 3246 1344 plagzn
3275 1273 3422 1327 illum
3452 1272 3643 1344 exsilio
3673 1290 3758 1344 re-

2213 1352 2437 1413 egarunt
2458 1384 2472 1408 ,
2506 1344 2558 1398 in
2579 1358 2687 1412 quo
2715 1352 2858 1397 tanta
2886 1342 3095 1413 passus
3113 1354 3222 1408 est,
3262 1352 3319 1396 ut
3348 1343 3585 1413 martyrii
3628 1342 3760 1396 invi-

2192 1411 2332 1466 ctam
2359 1411 2637 1468 victoriam
2658 1411 2974 1481 reportaret.
3009 1413 3212 1466 Dicitur
3238 1413 3380 1466 enim
3409 1411 3546 1466 inter
3571 1419 3758 1466 caetera

2191 1483 2497 1552 passionum
2535 1495 2731 1552 genera
2773 1482 2875 1552 hec
2903 1482 3113 1550 poenale
3153 1481 3415 1552 passionis
3433 1481 3759 1552 supplicium

2190 1549 2502 1620 pertulisse,
2550 1549 2609 1605 ut
2649 1550 2772 1604 dum
2814 1549 3232 1620 interrogaretur
3259 1549 3326 1604 ab
3355 1549 3597 1620 Arianis,
3622 1558 3677 1602 et
3702 1565 3760 1604 se

2192 1619 2375 1674 eorum
2418 1620 2812 1674 communicare
2841 1620 3074 1689 perfidiae
3111 1620 3446 1687 denegasset,
3493 1619 3760 1674 scalarum

2192 1690 2416 1757 proclivi
2453 1696 2623 1744 tractu
2649 1689 2868 1759 supinis
2891 1689 3121 1759 pedibus
3149 1689 3215 1744 ad
3248 1691 3410 1742 imum
3439 1703 3609 1759 usque
3639 1704 3761 1755 per-

2194 1759 2524 1820 traheretur;
2566 1767 2621 1812 et
2645 1758 2836 1812 iterum
2861 1758 3140 1814 revocatus
3169 1759 3233 1812 ad
3258 1772 3555 1819 summum,
3590 1758 3760 1812 inter-

2191 1837 2408 1895 rogatus
2435 1827 2640 1897 denuo,
2670 1843 2790 1882 cum
2818 1828 3004 1882 eadem
3031 1827 3411 1897 reSpondisset,
3440 1827 3626 1897 eadem
3659 1842 3754 1894 pa-

2191 1894 2418 1978 ieretur;
2451 1911 2529 1978 ’ξε
2574 1894 2900 1978 frequentem
2947 1894 3760 1978 interrogationemfrequenter

2189 1965 2490 2035 hujusmodi
2516 1964 2829 2035 supplicium
2859 1965 3016 2020 fuerit
3043 1967 3402 2035 subsecutum.
3435 1964 3490 2018 ln
3512 1981 3616 2034 qua
3640 1981 3762 2035 pas-
3817 2016 3819 2022 .

2189 2036 2341 2089 sione
2362 2033 2424 2106 S.
2455 2033 2666 2089 Eusebii
2708 2035 2956 2106 martyris
2987 2035 3113 2090 licet
3139 2034 3300 2106 fuerit
3326 2033 3759 2106 quassatum’ca-

2189 2111 2302 2173 put,
2327 2105 2515 2159 elisum
2537 2119 2750 2173 corpus,
2772 2103 3010 2158 membra
3032 2103 3323 2168 confracta,
3355 2105 3562 2156 animus
3581 2112 3760 2158 tamen

2192 2172 2315 2244 fidei
2353 2173 2546 2227 mansit
2574 2172 2818 2244 invictus.
2865 2173 2996 2244 Nam
3033 2183 3233 2242 quanto
3262 2173 3380 2244 plus
3410 2173 3605 2226 Ariona
3637 2189 3757 2244 pcr-

2193 2241 2313 2296 fidia
2342 2242 2692 2312 corporaliter
2719 2242 3007 2312 lacerabat,
3045 2250 3197 2312 tanto
3222 2241 3389 2312 magis
3421 2258 3543 2297 eum
3572 2241 3760 2312 catho-

2193 2311 2295 2365 lica
2325 2311 2600 2380 integritas
2628 2311 2974 2380 spiritualiter
2995 2311 3288 2368 refovebat.
3332 2311 3502 2378 Quem
3539 2311 3755 2380 quidem

2191 2381 2452 2435 scalarum
2503 2395 2782 2450 ascensum
2827 2388 2988 2450 atque
3026 2381 3337 2436 descensum
3369 2397 3651 2450 possumus
3677 2381 3757 2435 di-

2191 2465 2314 2520 cere
2358 2465 2517 2520 quem
2563 2449 2730 2520 Jacob
2781 2449 3054 2504 somnians
3105 2449 3482 2520 prophetavit:
3536 2460 3591 2504 et
3627 2451 3761 2505 sicut

2194 2467 2314 2505 cere
2396 2467 2517 2504 nem
2563 2467 2730 2505 Jacon
2781 2467 3054 2504 somnians
3105 2467 3482 2520 propnetavit:
3536 2467 3591 2504 et
3627 2467 3761 2505 SICIII

2194 2519 2282 2574 ille
2307 2467 2440 2576 vigit
2481 2519 2641 2590 etiam
2687 2519 3028 2590 istasscalas
3067 2521 3134 2575 ab
3169 2521 3277 2590 imo
3305 2521 3371 2574 ad
3397 2520 3762 2590 cmlestias'lo

2194 2589 2742 2672 usquehpertingcre;
2797 2589 3058 2672 siquidem
3104 2605 3214 2672 per
3247 2588 3349 2672 has
3397 2598 3453 2644 et
3488 2588 3760 2672 _Eusebius

2194 2657 2438 2712 ascendit
2483 2657 2550 2712 ad
2578 2658 2803 2720 etelum,
2845 2657 2901 2712 et
2941 2657 3122 2713 Ariani
3151 2659 3216 2713 ad
3247 2658 3446 2713 inferos
3471 2658 3764 2714 descende-

2193 2736 2335 2782 runt.
2370 2726 2540 2792 Unde,
2563 2727 2770 2792 fratres,
2793 2726 2847 2781 S.
2874 2726 3157 2782 Eusebium
3181 2727 3606 2782 Machabmorum
3628 2746 3760 2783 tuar-

2195 2805 2367 2866 tyrum
2396 2797 2564 2867 choro
2589 2797 3047 2867 _annumerandum
3073 2807 3221 2866 puto.
3253 2796 3524 2867 Siquidem
3557 2799 3629 2852 illi
3655 2801 3762 2851 sin-

2193 2865 2330 2937 gulis
2376 2865 2630 2937 membris
2680 2867 2991 2937 martyrium
3039 2865 3407 2935 pertulerunt;
3441 2866 3547 2937 _bic
3591 2879 3762 2920 autem

2193 2936 2355 3004 totius
2381 2935 2621 3004 corporis
2647 2934 2896 3003 passione
2927 2934 3202 2990 Dominum
3230 2937 3298 2990 sit
3325 2934 3603 2991 confessus
3620 2976 3634 2999 ,
3666 2951 3761 2988 nec

2195 3003 2461 3074 disparem
2482 3003 2673 3057 eorum
2698 3019 2823 3074 esse
2852 3006 3074 3074 gratiam
3093 3043 3108 3070 ,
3139 3019 3277 3074 quos
3310 3006 3473 3061 etiam
3519 3021 3622 3058 una
3648 3005 3762 3060 dies

518 3079 783 3144 servatur,
817 3081 886 3144 _ut
907 3082 1050 3144 esset
1078 3075 1129 3128 in
1154 3075 1282 3143 ipsis
1310 3077 1435 3129 viris
1461 3072 1799 3143 contemptus
1826 3088 2006 3144 rerum
2033 3080 2091 3127 et
2115 3082 2160 3144 (ζ
2191 3073 2246 3129 in
2273 3072 2842 3144 martyrio_c0pulavit.

519 3142 789 3202 accuratio
816 3142 1094 3198 levitarum
1114 3162 1125 3196 :
1144 3142 1203 3198 ut
1226 3144 1269 3198 si
1295 3145 1504 3200 videres
1517 3142 1821 3200 monasterii
1843 3142 2086 3206 lectulos,

518 3210 697 3283 iustar
721 3211 996 3283 orientalis
1041 3214 1298 3283 propositi
1336 3213 1632 3281 judicarcs;
1677 3213 1721 3267 si
1749 3212 2092 3283 devotionem

519 3279 699 3350 clerici
722 3279 1071 3350 perspiceres,
1104 3279 1328 3350 angelici
1339 3279 1550 3338 ordinis
1571 3282 1943 3338 observatione
1963 3291 2095 3350 gauj-

519 3295 699 3335 etenci
722 3295 1071 3404 perspiceres,
1104 3295 1328 3350 angelici
1350 3295 1550 3338 erauus
1571 3295 1943 3338 observatione
1963 3295 2093 3349 gau-

519 3349 696 3420 deres.
754 3351 823 3404 llu
888 3361 1066 3406 autem
1095 3361 1272 3408 tacere
1301 3354 1518 3407 omnino
1546 3368 1652 3406 non
1683 3352 1931 3414 arbitror,
1949 3349 2093 3420 quod

518 3435 640 3473 cum
668 3419 987 3491 Arianorum
1021 3422 1352 3477 detestabilis
1379 3420 1597 3491 perfidia
1629 3430 1795 3476 totam
1823 3436 1944 3491 cum
1968 3419 2094 3491 tuni-

519 3502 676 3561 verse
721 3489 925 3561 munde
965 3490 1172 3561 Italiam
1217 3488 1616 3561 perturbasset,
1664 3498 1824 3561 atque
1851 3488 2091 3561 ejusdem

519 3507 676 3542 verso
721 3507 925 3544 munue
965 3507 1172 3546 uanam
1217 3507 1616 3561 perturnasset,
1664 3507 1720 3544 at
1759 3507 1824 3544 ue
1851 3507 2091 3555 ejusdem

519 3557 837 3629 pestilentia:
910 3560 1220 3616 sacerdotes
1283 3561 1675 3629 simplicitatem
1857 3559 2094 3629 Dionysii

520 3628 768 3698 martyris
810 3631 1207 3698 captivassent,
1259 3631 1330 3684 ita
1380 3628 1439 3684 ut
1484 3629 1926 3698 subscriptionem
1975 3628 2092 3695 ejus

519 3679 795 3768 vinculum,
817 3679 1125 3765 retinerent,
1156 3679 1260 3768 qua
1288 3699 1430 3754 illum
1460 3717 1491 3755 e
1519 3679 2092 3768 manibttseorumsa-

558 3767 719 3838 ientia
749 3767 1011 3838 liberavit.
1043 3764 1191 3824 Sient
1217 3771 1362 3824 enim
1389 3770 1464 3824 ait
1489 3770 1546 3823 S.
1571 3767 1844 3838 apostolus
1868 3764 2088 3838 Paulus:

570 3846 713 3908 actus
753 3837 1108 3908 sum_Jt_tda:is
1151 3848 1391 3908 tanquam
1419 3835 1646 3902 ludam},
1688 3847 1744 3890 ut
1769 3835 1984 3908 J‘udwos
2009 3837 2091 3889 lu-

515 3907 822 3976 crifacerem
847 3905 902 3973 (I
931 3906 1050 3960 Cor.
1081 3909 1196 3973 1x);
1241 3905 1310 3961 ita
1343 3909 1600 3963 Eusebius
1628 3905 1894 3976 hmreticis
1919 3906 2090 3976 tumre-

517 3973 679 4027 ticum
715 3989 774 4030 se
803 3989 921 4026 esse
954 3977 1206 4029 mentitus
1233 3985 1332 4039 est,
1368 3985 1424 4029 ut
1451 3977 1517 4030 de
1544 3977 1731 4029 haeresi
1759 3973 1921 4026 filium
1952 3973 2089 4027 libe-

515 4051 678 4112 raret.
702 4040 854 4112 _Dixit
887 4044 1028 4096 enim
1066 4060 1124 4098 se
1165 4060 1348 4098 eorum
1379 4046 1681 4100 consentire
1708 4040 1959 4112 perfidiae,
1988 4043 2092 4097 hoc

515 4110 616 4182 sibi
663 4110 875 4182 placere
922 4114 1063 4180 quod
1112 4115 1243 4180 illis;
1277 4114 1370 4168 sed
1395 4115 1538 4182 quod
1567 4115 1666 4170 sibi
1694 4110 1858 4166 tilium
1889 4113 2088 4180 Diony-

516 4179 749 4240 sium’in
789 4179 1171 4242 subscribendo
1216 4179 1589 4256 prmponcrent
1626 4183 1860 4254 graviter
1885 4197 1945 4236 se
1973 4179 2090 4235 me-

2270 3140 2490 3213 (Monet
2522 3140 2831 3213 Gallandius
2868 3145 3101 3198 mutilum
3136 3161 3245 3198 esse
3279 3145 3414 3197 hunc
3441 3160 3723 3197 semonem
3744 3185 3760 3205 ,

2199 3229 2258 3266 eo
2282 3212 2420 3284 quod
2447 3213 2501 3265 in
2532 3212 2703 3266 codice
2719 3214 2999 3284 archetypo
3032 3214 3202 3267 desint
3233 3215 3418 3269 aliqua:
3451 3214 3688 3284 paginw,
3715 3221 3766 3266 et

2199 3282 2424 3353 annectit
2443 3298 2662 3353 sequens
2700 3283 3094 3353 fragmentum.)

2267 3351 2410 3404 Inter
2437 3351 2558 3411 ista,
2590 3351 2870 3416 carissimi,
2900 3352 2967 3405 de
2995 3351 3310 3407 Machabazis
3338 3351 3590 3406 fratribus
3608 3365 3766 3420 quam

2197 3421 2429 3474 maxime
2457 3420 2726 3475 exsultare
2753 3436 2850 3474 nes
2869 3423 3142 3488 convenit,
3171 3437 3396 3488 quorum
3426 3430 3615 3474 mresta
3645 3421 3765 3487 qni-

2197 3489 2320 3543 dcm
2346 3490 2542 3557 passio,
2570 3490 2663 3542 sed
2694 3490 2810 3544 laeta
2836 3490 3060 3544 victoria
3085 3491 3398 3545 hodiernam
3429 3490 3586 3545 nobis
3615 3490 3762 3542 festi-

2197 3559 2414 3612 vitatem
2445 3559 2720 3627 multiplici
2749 3559 2942 3626 gaudio
2969 3560 3276 3614 cumulavit.
3321 3558 3764 3628 Quandoquidem

2193 3636 2620 3751 propugnatores
2647 3629 2967 3709 evaegeliae
2993 3628 3114 3684 fidei
3142 3629 3498 3710 custodesque
3525 3637 3762 3708 paterna:

2213 3711 2326 3751 etus
2354 3713 2515 3750 unum
2543 3695 2772 3751 confess:
2821 3698 3100 3751 Dominum
3139 3699 3237 3751 sub
3267 3711 3423 3751 unius
3451 3696 3545 3751 Det
3592 3706 3762 3751 certa-

2213 3698 2326 3764 egis
2354 3713 2515 3750 unum
2543 3695 2772 3752 confessi
2821 3698 3100 3752 Dominum
3139 3699 3237 3752 sub
3267 3695 3427 3752 unius
3451 3695 3545 3753 Dei
3592 3706 3766 3752 certa-

2194 3767 2336 3822 mine
2357 3767 2770 3836 triumpharunt.
2813 3765 2964 3820 Sicut
2991 3767 3132 3821 enim
3177 3767 3464 3822 Machabaai
3492 3767 3562 3821 ob
3589 3767 3763 3821 bene-

2194 3852 2308 3892 rem
2342 3835 2839 3906 Deisomnipotenitis
2868 3837 3143 3906 tyrannica
3169 3838 3345 3891 virere
3373 3844 3662 3902 tormenta,
3692 3836 3764 3889 ita

2194 3905 2407 3958 beatum
2443 3903 2728 3959 Eusebium
2765 3905 2858 3959 Dei
2884 3903 2964 3959 sui
3005 3906 3250 3974 injuriam
3279 3906 3611 3960 refellentem
3636 3920 3764 3973 per-

2193 3976 2528 4045 sequentimu
2580 3990 2685 4027 non
2731 3983 2954 4045 potuere
2982 3991 3238 4044 superare
3283 3974 3565 4045 supplicia.
3592 3975 3766 4045 Atque

2193 4043 2314 4098 ideo
2343 4059 2442 4098 nos
2470 4045 2716 4112 prmsenti
2735 4042 2830 4098 die
2867 4042 3173 4100 sanctorum
3219 4045 3286 4099 de
3329 4042 3503 4098 morte
3532 4042 3765 4111 gaudea-

2192 4129 2332 4174 mus,
2358 4113 2480 4183 quia
2511 4122 2825 4182 perpetuam
2853 4129 2960 4170 non
2998 4114 3303 4173 dubitamus
3340 4129 3436 4171 eos
3461 4114 3628 4170 vitam
3649 4127 3764 4168 mo-

2192 4183 2360 4236 ruisse
2388 4190 2510 4253 post
2544 4191 2794 4240 mortem.

1900 4297 2170 4362 SERMO
2213 4296 2390 4357 XXI.

1326 4398 1458 4453 Item
1486 4399 1550 4453 de
1571 4400 1633 4455 S.
1663 4399 1886 4454 Eusebio
1917 4401 2154 4470 episcopo
2185 4409 2232 4453 et
2259 4408 2484 4470 martyre
2513 4399 2820 4456 Vercellensi
2857 4401 2886 4455 I
2893 4401 2940 4455 1.

515 4484 907 4564 Assa-eurus.
936 4518 1009 4564 ε-
1045 4487 1107 4564 S_.
1131 4487 1404 4564 Διῑιιήξεεῡὶιεξ
1451 4491 1724 4564 indivisa»:
1745 4490 2083 4564 __Verbi_cum
2115 4493 2159 4550 Ι)
2189 4490 2402 4546 Eusebii
2431 4491 2750 4564 suspicimus
2795 4494 3007 4560 merita,
3048 4509 3207 4564 quem
3253 4510 3354 4564 pro
3399 4496 3759 4554 retributione

582 4553 744 4608 Patre
775 4557 1026 4630 unitatem
1053 4557 1298 4626 defendit.
1345 4557 1577 4630 Ecclesia
1616 4557 1851 4612 manibus
1879 4561 2081 4630 ﬁlique-

580 4641 694 4697 rum
721 4625 919 4697 palsus,
952 4625 1144 4697 secum,
1162 4642 1457 4697 quocunque
1476 4627 1602 4689 ibat,
1635 4629 1872 4694 portabat
1901 4625 2082 4682 Eccle-

579 4692 732 4768 siam.
758 4692 836 4768 De
855 4693 1104 4768 agonibus
1126 4692 1479 4768 leporibusque
1505 4692 1738 4768 quos'ille
1751 4700 1988 4764 pertulit;
2020 4699 2084 4751 de

583 4763 884 4840 fortitudine
913 4766 1095 4840 matris
1135 4763 1553 4840 biachabgeorum
1589 4763 1890 4840 martyrum,
1924 4769 2084 4840 deque

582 4832 895 4904 gravissimis
916 4832 1095 4904 quibus
1135 4835 1186 4886 hi
1209 4837 1376 4890 necati
1405 4845 1521 4891 sunt
1549 4832 1832 4908 suppliciis.

581 4962 714 5034 Dum
754 4964 823 5018 ad
850 4965 1106 5034 obsequia
1130 4967 1450 5022 veneranda)
1496 4966 1884 5024 recordationis
1928 4987 2078 5026 cem—

512 5032 685 5085 munis
711 5034 878 5106 patris
902 5032 1068 5106 nostri
1098 5034 1311 5090 Eusebii
1351 5037 1701 5106 confessionis
1729 5039 1845 5106 ejus
1873 5039 2078 5095 honore

510 5102 896 5180 concurrimus,
929 5105 1234 5180 religiosum
1257 5105 1529 5180 reddimus
1551 5102 1861 5180 famulatum
1891 5124 2079 5180 perpe-

513 5178 604 5251 tee
632 5169 996 5251 eonfesserum
1017 5169 1242 5251 auctori.
1271 5175 1532 5251 Quidquid
1561 5178 1700 5232 enim
1723 5192 1846 5251 erga
1877 5169 2078 5251 eiectos

513 5238 604 5294 vei
632 5236 1340 5319 devotionisimpendimus,
1381 5236 1491 5319 Deo
1520 5254 1692 5302 totum
1712 5287 1727 5312 ,
1758 5236 1846 5316 (ιῖιί
1879 5248 2079 5303 electos

509 5322 635 5362 suos
662 5308 978 5388 sanctifica},
1010 5308 1338 5368 exhibemus;
1382 5315 1515 5388 _Quis
1546 5308 1725 5388 autem
1773 5308 2078 5372 sanctorum

824 5376 1186 5467 seruasse-rum
1206 5400 1312 5467 iion
1341 5376 1502 5467 pleno
1524 5384 1870 5467 perfeetetjtte
1895 5403 2079 5443 amore

507 5455 814 5527 veneretitr,
859 5445 928 5500 de
967 5445 1458 5527 quibus_Do_minus
1504 5445 1567 5527 a'c
1604 5445 1852 5527 Salvator
1897 5468 2082 5527 noster

507 5515 618 5596 sit:
654 5515 754 5596 Qui
779 5533 858 5575 me
877 5515 1138 5588 confessus
1159 5524 1309 5596 fuerit
1336 5541 1509 5578 coram
1529 5525 1838 5594 hominibus,
1865 5526 2079 5596 con/ite-

505 5581 601 5666 be!
639 5593 695 5666 ei
741 5581 988 5666 semermi
1022 5581 1195 5642 coram
1243 5590 1402 5666 lfqtre
1439 5612 1573 5666 meo,
1609 5598 1694 5666 qui
1729 5606 1803 5649 est
1826 5581 1899 5666 ’ἕνιῄ
1941 5581 2081 5666 caelis

501 5648 723 5727 (Matth.
746 5648 824 5728 χ’).
851 5655 1015 5718 Valde
1045 5670 1173 5726 ergo
1197 5660 1349 5716 nobis
1377 5673 1458 5718 est
1477 5648 1906 5735 salutare,qued
1936 5648 2078 5739 beati

2185 4567 2408 4632 servam
2453 4561 2575 4632 fidei
2613 4565 2751 4632 apud
2781 4561 3163 4632 sempitern—um
3209 4561 3420 4621 Patrem
3463 4575 3763 4624 ceteternus

2186 4627 2352 4704 Filius
2380 4627 2681 4704 conligetur,
2707 4627 2991 4704 ‘Advertite
3029 4634 3210 4702 itaque
3230 4676 3246 4700 ,
3276 4635 3554 4700 carissimi,
3586 4651 3760 4704 quan-

2185 4706 2293 4752 tam
2334 4699 2495 4754 beato
2527 4698 2756 4772 Eusebio
2775 4704 3047 4770 paraverit
3067 4698 3288 4772 gloriam
3309 4705 3505 4758 vixisse
3525 4698 3758 4772 Christe,

2186 4775 2242 4842 et
2265 4779 2494 4842 mestein
2525 4784 2632 4821 non
2663 4771 2902 4842 timuisse
2915 4788 3030 4842 pro
3055 4771 3268 4828 Christo
3290 4815 3306 4840 ,
3337 4782 3396 4826 ut
3421 4775 3497 4827 ait
3528 4775 3761 4842 Aposto-

2187 4837 2286 4890 lus.
2322 4838 2456 4891 Mihi
2494 4849 2663 4892 aulem
2694 4841 2855 4893 vivere
2896 4837 3133 4895 Christus
3171 4837 3364 4905 est,'et
3405 4845 3538 4896 mori
3565 4837 3760 4898 lucrum

2190 4906 2506 4982 (P_hilip.__t).
2556 4905 2684 4982 Erat
2725 4909 2910 4978 utique
2938 4911 3049 4982 vita
3091 4912 3164 4965 illi
3195 4912 3439 4982 Christus
3462 4949 3477 4974 ,
3509 4913 3634 4981 quia
3664 4930 3760 4982 per

2181 4976 2538 5099 spiritualium
2585 4976 2843 5037 virtutum
2897 4981 3166 5036 tramitem
3210 4981 3494 5050 gradiens,
3529 4976 3755 5050 'absque

2229 5046 2396 5099 hristo
2427 5046 2608 5099 vivere
2658 5049 2950 5099 nesciebat.
2990 5049 3120 5099 Erat
3158 5051 3206 5099 ei
3248 5060 3304 5099 et
3347 5051 3484 5099 inuri
3530 5051 3750 5099 lucrum-

2229 5046 2396 5116 hristo
2426 5046 2608 5116 vivere
2658 5049 2950 5102 nesciebat.
2990 5049 3120 5104 Erat
3158 5046 3304 5105 ei'et
3347 5051 3484 5105 mori
3530 5046 3751 5116 lucrum,

2182 5115 2306 5186 quia
2335 5115 2380 5168 si
2408 5115 2604 5170 damno
2650 5119 2930 5186 pnnsentis
2949 5119 3071 5174 vitae
3109 5119 3360 5174 transiret
3384 5136 3414 5174 e
3442 5122 3662 5184 saeculo,
3691 5121 3754 5174 al

2183 5183 2456 5255 Christum
2480 5183 2727 5255 pergens,
2759 5187 2879 5248 cmli
2916 5202 2975 5242 se
3010 5197 3234 5253 noverat
3277 5189 3490 5244 divitias
3519 5191 3753 5244 lucratu-

2182 5271 2321 5308 rum.
2347 5252 2498 5308 Unde
2525 5252 3020 5321 et'gleriosissimus
3047 5252 3162 5313 iste
3189 5258 3464 5313 confessor
3490 5258 3750 5313 Christum

2183 5324 2465 5397 Dominum
2497 5333 2551 5397 et
2571 5325 2754 5397 viveiis
2782 5327 3054 5397 quicsivit,
3103 5336 3156 5382 et
3185 5329 3422 5382 moriens
3451 5327 3745 5397 acquisivit.

2183 5392 2438 5458 Qumsivit
2465 5394 2648 5465 vivens
2677 5392 2976 5465 Christum,
3007 5412 3128 5452 cum
3175 5397 3427 5452 salutaria
3469 5392 3588 5464 ejus
3624 5412 3749 5465 pne-

2182 5470 2335 5532 ccpta
2366 5461 2672 5518 custodiens
2701 5463 2981 5520 indivisam
3008 5467 3167 5520 Verbi
3189 5481 3309 5520 cum
3345 5461 3512 5522 Patre
3530 5461 3748 5520 assaruit

2183 5534 2462 5586 unitatem.
2490 5531 2782 5600 Acquisivit
2811 5549 2932 5588 eum
2964 5537 3233 5600 moriens,
3267 5551 3389 5589 cuin
3433 5536 3500 5590 ad
3529 5537 3748 5591 societa-

2184 5609 2292 5655 tem
2340 5601 2932 5673 regni_ej_ushcorporis
2976 5615 3150 5659 morte
3179 5605 3426 5658 transivit
3473 5623 3485 5657 :
3538 5617 3592 5659 et
3630 5603 3746 5672 quia

2183 5686 2344 5733 unam
2374 5669 2548 5738 Patris
2570 5669 2810 5736 Filiique,
2842 5673 2980 5735 sicut
3001 5681 3110 5734 est.
3139 5675 3489 5730 substantiam
3518 5689 3625 5730 non
3650 5669 3742 5728 ne-
