4138 6196
561 337 658 394 εκθι

1411 327 1746 385 APPENDIX
1781 325 2062 383 OPERUM
2101 327 2156 382 S.
2199 327 2437 382 MAXIM]
2479 327 2940 384 TAURINENSIS.

3708 328 3811 384 892

562 447 979 520 septumvarios
1006 445 1451 520 cobabitantiu_m__
1470 461 1648 520 mones
1677 446 1727 498 in
1780 460 1941 498 unam
1989 444 2134 520 coire
2166 450 2206 503 Α
2238 443 2497 520 Ecclesia.
2529 445 2813 520 Machabrei
2853 445 3163 520 multimoda
3194 452 3587 520 tormentorum
3622 459 3816 520 genera

564 513 934 581 concordiam;
967 525 1221 583 tantaque
1241 515 1378 583 apud
1401 515 1544 568 illum
1569 514 1664 568 fuit
1693 529 1936 567 mensura
1972 522 2025 583 et
2053 513 2134 566 di-

568 590 792 658 sciplina
822 585 1050 658 vivendi,
1069 581 1149 658 Δυἱ
1192 581 1503 658 quotidiano
1531 592 1866 637 accrescente
1894 581 2138 658 profectu

568 652 928 712 habitaculum
959 654 1084 707 illud
1127 669 1232 707 non
1274 653 1384 722 jam
1413 653 1745 722 diversorum
1791 652 2137 722 congregatio

569 727 908 788 clericorum,
939 723 1032 778 sed
1056 719 1496 777 consacerdotum
1535 721 1814 786 collegium
1844 719 2137 784 videretur,

509 805 518 812 '
569 797 622 850 in
655 803 856 848 tantum
886 800 944 846 ut
974 802 1222 860 tanquam
1252 792 1319 845 de
1346 792 1631 844 seminario
1672 789 1860 859 optimi
1889 789 2141 860 germinis

568 879 666 934 per
691 862 1064 934 complurimas
1082 857 1336 934 civitates
1367 857 1740 934 expetentibus
1778 857 1988 927 populis
2015 859 2139 934 lar-

570 925 772 1000 giretur
798 925 1114 985 lectissimos
1138 930 1204 984 de
1246 945 1339 984 sua
1370 925 1702 1000 institutione
1730 925 1990 1000 pastores.
2015 925 2143 1000 Erat.

571 996 715 1057 enim
743 1003 795 1054 in
825 1001 1089 1065 omnibus,
1126 1006 1276 1052 tanto
1322 999 1558 1067 principe
1606 997 1964 1066 prtecetlente,
1986 996 2142 1067 spiri-

574 1071 760 1125 talium
805 1064 1102 1124 ofﬁciorum
1150 1064 1414 1122 indefessa
1459 1064 1751 1130 sedulitas,
1798 1064 2143 1134 parcimonize

573 1139 982 1206 sobrietatisque
1019 1138 1238 1201 sanitas,
1279 1137 1517 1191 caritatis
1545 1135 1773 1206 dulcedo
1792 1176 1805 1200 ,
1832 1142 2144 1206 mansuetu-

575 1209 714 1264 dinis
741 1203 928 1276 gratia,
951 1207 1190 1261 custodia
1232 1207 1512 1261 castitatis.
1545 1204 1672 1269 Quae
1701 1203 1898 1276 omnia,
1929 1203 2141 1276 fratres,

576 1279 678 1332 etsi
707 1272 980 1345 generatio
1021 1283 1202 1330 nostra
1232 1275 1523 1343 adimplere
1551 1290 1666 1345 non
1686 1273 1957 1345 praevalet,
1985 1272 2147 1345 habet

577 1340 757 1408 tamen
780 1347 831 1399 in
864 1355 1012 1414 patre
1041 1346 1244 1414 optimo
1270 1340 1554 1413 posteritas
1582 1340 1709 1411 quid
1737 1342 1977 1414 miretur.
2009 1340 2146 1414 Quid

577 1415 704 1470 illud
735 1410 943 1469 dicam?
972 1410 1122 1480 Quod
1152 1410 1634 1482 peregrinationem
1682 1411 1907 1480 perpeti,
1959 1410 2146 1482 exsilia

575 1500 871 1554 pmnasque
947 1480 1264 1554 multiplices
1331 1483 1601 1554 salutaris
1648 1482 1778 1554 ﬁdei
1850 1480 2148 1533 assertione

576 1551 913 1624 promeruit;
978 1551 1125 1620 quod
1174 1551 1496 1624 jejuniorum
1543 1551 1958 1624 _vig_iliarnmque
1995 1563 2150 1602 exer-

575 1619 716 1678 citiis
753 1619 1064 1683 roboratus,
1104 1637 1204 1677 nec
1243 1637 1272 1674 a
1311 1623 1392 1674 via
1444 1621 1685 1674 veritatis
1715 1619 1940 1672 inﬂexus
1963 1658 1976 1682 ,
2020 1633 2151 1671 cou-

575 1693 900 1748 stantissimo
923 1691 1025 1814 7E
1047 1692 1228 1759 vigore
1249 1691 1482 1760 pectoris
1504 1690 1570 1743 de
1593 1687 1825 1758 perﬁdize
1846 1687 2152 1742 auctoribus

576 1761 938 1814 triunmhavit.
1031 1770 1048 1814 t
1078 1762 1201 1814 inde
1229 1770 1338 1814 est.
1372 1760 1663 1814 carissimi.
1693 1757 1832 1814 quod
1863 1773 2008 1811 mors
2036 1756 2151 1814 eius

576 1756 954 1829 triumphavit.—
985 1756 1048 1814 Et
1078 1756 1201 1815 inde
1229 1756 1338 1829 est,
1372 1756 1663 1823 carissimi,
1693 1757 1842 1829 quod
1863 1773 2008 1829 mors
2036 1756 2151 1829 ejus

2240 515 2504 582 patienter
2524 531 2585 570 ac
2605 515 2814 569 fortiter
2832 516 3184 584 pertulerunt,
3205 529 3272 568 ne
3291 514 3526 584 poncinis
3547 515 3814 579 carnibus,

2239 598 2358 652 qua:
2389 591 2512 638 tunc
2540 583 2871 638 habebantur
2896 586 3114 649 illicitm,
3147 585 3340 638 devota
3370 583 3481 637 Deo
3505 584 3671 638 corda
3702 586 3819 652 pol-

2240 651 2469 706 luerent.
2495 652 2838 707 Beatissimus
2858 663 3035 708 autem
3055 663 3210 722 pater
3229 652 3490 706 Eusebius
3511 651 3820 706 innumeros

2239 722 2686 790 gravissimosque
2730 723 3104 777 haereticorum
3146 722 3396 776 sustinuit
3435 722 3723 786 cruciatus,
3758 738 3822 776 ne

2241 791 2450 844 Ariana:
2480 792 2881 859 inquinamento
2913 792 3147 861 perﬁdize
3176 791 3446 860 purissimi
3478 793 3712 859 pectoris
3741 795 3820 844 sui

2241 861 2626 914 conscientiam
2657 860 2970 915 macularet.
3014 861 3222 914 Primus
3251 876 3314 914 ex
3346 861 3450 914 illis
3478 869 3683 929 septem
3717 860 3819 912 fra-

2241 929 2432 993 tribus,
2463 938 2521 983 ut
2549 931 2789 990 audistis,
2822 931 2946 998 quia
2978 930 3264 985 immobilis
3293 930 3552 998 perstitit,
3583 930 3824 983 manibus

2242 999 2570 1070 pedibusque
2605 999 2720 1070 n74
2765 1008 3039 1054 truncatus
3085 1007 3185 1054 est.
3240 999 3498 1070 Eusebius
3543 1007 3745 1070 autem
3772 999 3820 1070 in

2243 1067 2469 1121 veritate
2497 1067 2998 1136 ﬁdei—perseverans
3024 1069 3286 1124 haeretici:
3314 1069 3578 1120 voluntati
3607 1083 3708 1122 nec
3734 1068 3821 1120 iti-

2243 1151 2372 1206 nere
2414 1137 2630 1204 pedum,
2662 1153 2761 1191 nec
2800 1154 3054 1192 manuum
3099 1137 3489 1206 subscriptione
3535 1137 3820 1191 consentit.

2245 1204 2518 1260 Secundus
2547 1221 2611 1260 ex
2658 1207 2754 1270 eis,
2803 1222 2871 1261 ne
2915 1216 3074 1275 caput
3113 1222 3252 1261 vera:
3295 1204 3484 1260 salutis
3531 1206 3818 1264 amitteret,

2247 1282 2532 1344 contentus
2561 1283 2644 1344 est
2671 1276 2862 1344 capitis
2899 1277 2978 1330 sui
3007 1285 3130 1330 cote
3159 1275 3364 1329 nudari.
3398 1276 3467 1327 At
3492 1275 3824 1344 venerandus

2248 1342 2535 1409 Eusebius,
2581 1343 2709 1414 dum
2740 1342 2919 1414 caput
2963 1361 3118 1400 suum
3162 1361 3260 1413 pro
3289 1345 3544 1397 membris
3576 1343 3824 1398 Ecclesia:

2247 1413 2678 1483 persecutoribus
2721 1413 2926 1481 objicit,
2975 1423 3304 1481 tegmentum
3349 1413 3606 1483 caelestis
3637 1414 3824 1480 capitis

2248 1481 2355 1535 iton
2379 1482 2573 1535 amisit.
2599 1481 2809 1536 Tertius
2832 1483 3255 1537 Machabzeorum
3277 1483 3576 1552 postulatus
3595 1481 3823 1552 linguam

2249 1552 2681 1622 constantissime
2700 1553 2924 1621 protulit
2947 1553 3232 1622 impiorum
3255 1551 3498 1622 manibus
3517 1551 3825 1622 abscinden-

2249 1620 2394 1687 dam,
2412 1629 2470 1674 ut
2489 1635 2607 1689 quae
2627 1620 2726 1690 pro
2748 1629 2864 1675 toto
2885 1620 3112 1690 corpOre
3131 1620 3305 1690 fuerat
3326 1620 3638 1688 prolocuta,
3660 1628 3827 1676 totum

2250 1705 2446 1760 corpus
2465 1705 2618 1760 suum
2634 1689 2852 1759 praeiret
2871 1691 2937 1745 ad
2959 1689 3144 1760 Deum.
3164 1689 3422 1744 Eusebius
3449 1705 3578 1743 vero
3599 1691 3828 1757 linguam

2253 1759 2710 1830 suamjadversus
2756 1768 3041 1830 tyrannum
3093 1759 3215 1814 ﬁdei
3269 1767 3325 1814 et
3377 1760 3829 1830 expugnationem

576 1832 720 1885 omni
743 1809 859 1884 rvita
891 1837 972 1884 est
1000 1831 1216 1896 clarior,
1248 1809 1368 1882 inde
1413 1829 1555 1896 quod
1585 1809 1942 1882 sacei‘dotium
1985 1809 2151 1894 ipsius
2184 1809 2227 1866 Β
2252 1828 2501 1884 diabolici
2530 1830 2731 1884 erroris
2756 1809 3011 1894 armavit,
3044 1845 3150 1884 non
3175 1831 3369 1883 timens
3395 1809 3643 1883 amittere
3671 1844 3830 1896 quam

578 1899 866 1953 devotione
889 1898 1117 1952 ﬁdelium
1141 1898 1464 1968 perdurante
1485 1913 1822 1968 communem
1844 1896 2147 1968 mortalium

576 1983 684 2022 non
706 1969 867 2021 sentit
887 1965 1154 2022 occasum;
1177 1967 1312 2033 Quid
1337 1968 1496 2021 etiam
1515 1967 1582 2020 de
1606 1965 1925 2020 heatissimis
1946 1972 2148 2033 septem

576 2038 828 2091 fratribus
879 2037 1189 2092 Machabteis
1234 2036 1567 2106 potissimum
1607 2035 1786 2106 dicam
1809 2033 1969 2106 ?_qui
2023 2033 2150 2106 dum

575 2106 801 2163 [urentis
829 2108 1075 2162 Antiochi
1119 2103 1321 2160 terrore
1349 2106 1572 2169 calcato,
1606 2104 1793 2172 legalia
1825 2103 2153 2172 Te’stanienti

577 2177 787 2232 Veteris
815 2185 1078 2246 praecepta
1109 2191 1215 2246 non
1243 2173 1635 2246 deserunt,_ad
1666 2170 1946 2228 consortia
1994 2170 2152 2246 Regis

577 2247 761 2301 aeterni
803 2241 858 2300 et
886 2241 1094 2299 beatam
1121 2244 1392 2312 Evangelii
1421 2244 1642 2311 gloriam
1673 2249 2050 2312 pervenerunt.
2087 2241 2154 2294 Et

577 2317 716 2370 sicut
743 2316 839 2370 fuit
865 2316 965 2371 illis
989 2315 1144 2370 unius
1173 2309 1308 2368 uteri
1329 2309 1581 2380 germana
1608 2309 1878 2376 nativitas,
1907 2311 1979 2364 ita
2012 2309 2150 2366 facta

577 2393 663 2440 est
689 2388 767 2440 eis
795 2388 949 2440 unius
994 2385 1116 2440 ﬁdei
1161 2384 1394 2438 fraterna
1435 2383 1677 2439 victoria.
1727 2381 1825 2449 Qui
1856 2383 1907 2436 in
1935 2381 2151 2435 modum

578 2455 884 2510 candelabri
915 2456 1053 2508 illius
1072 2455 1214 2522 quod
1244 2463 1467 2524 septeno
1489 2454 1686 2508 lumine
1708 2451 1978 2524 quondam
2007 2451 2154 2524 luce-

580 2525 672 2579 bat
692 2525 758 2605 in_
775 2525 992 2605 templo,
1019 2521 1225 2605 septem
1242 2521 1558 2605 passionum
1577 2537 1796 2605 sitarum
1819 2521 2153 2605 lampadibus

579 2595 758 2648 mundi
789 2590 960 2648 facem
985 2590 1276 2648 radiarunt.
1321 2593 1383 2646 Et
1411 2594 1546 2648 sicut
1575 2593 1648 2646 illi
1679 2600 1804 2645 tunc
1830 2590 2153 2645 candelabro

577 2663 872 2718 sacerdotis
898 2679 1023 2718 cura
1051 2663 1238 2718 oleum.
1259 2676 1355 2733 pro
1384 2660 2019 2733 luminisperseverantia
2050 2660 2153 2713 mi-

578 2733 837 2802 nistrabat
858 2777 871 2799 ,
901 2734 974 2802 ita
1004 2733 1088 2787 his
1109 2729 1450 2802 omnipotens
1473 2729 1724 2802 Dominus
1753 2730 1818 2783 ad
1843 2729 2153 2802 illuminan-

577 2800 700 2855 dam
729 2798 915 2857 eorum
945 2801 1102 2857 ﬁdem
1130 2803 1197 2856 de
1226 2798 1475 2862 thesauro
1495 2801 1676 2868 gloriae
1703 2814 1812 2854 sua:
1837 2798 1892 2854 S.
1926 2799 2154 2868 Spiritus

579 2871 813 2940 profudit
864 2880 1208 2940 unguentum.
1267 2871 1410 2924 Inter
1462 2867 1575 2925 hinc
1621 2878 1793 2924 mater
1828 2867 2155 2940 venerabilis

579 2933 762 2992 ialium
789 2933 1016 2995 ﬁliorum
1039 2948 1212 2995 morte
1242 2941 1507 2994 laetissima
1548 2955 1651 2992 una
1679 2947 1733 2992 et
1760 2938 1871 2992 sola
1896 2937 2156 2990 mmrebat

578 3008 810 3072 tristitia,
841 3025 908 3063 ne
936 3010 1054 3076 quis
1080 3010 1314 3062 dulcium
1342 3009 1620 3076 pignorum
1651 3021 1871 3061 suorum
1900 3021 1998 3076 pro
2028 3022 2156 3076 san-

579 3077 905 3144 ctiﬁcatione
933 3074 1124 3130 divinae
1153 3077 1283 3144 legis
1311 3074 1588 3131 aut'nollet
1609 3084 1702 3130 aut
1723 3074 1936 3130 timeret
1955 3074 2146 3130 occidi.

579 3143 671 3198 Illa
694 3160 821 3200 vero
841 3147 1024 3213 quanti
1046 3143 1284 3200 miraculi
1309 3161 1395 3200 res
1422 3153 1520 3206 est,
1543 3145 1686 3214 quod
1714 3145 1778 3198 ad
1807 3152 2148 3214 augmentum

579 3215 858 3336 Eraesentis
911 3217 1104 3269 laetitia:
1159 3218 1212 3270 in
1259 3231 1419 3269 unum
1463 3213 1604 3270 diem
1649 3215 1940 3284 assumptio
1984 3213 2154 3268 sancti

627 3285 793 3336 usebii
813 3286 976 3336 nostri
995 3294 1050 3336 et
1065 3284 1488 3336 Machabteornm
1504 3285 1739 3336 vietorim
1754 3291 2119 3336 convenerunt
2135 3282 2147 3334 !

627 3285 793 3338 usebii
813 3286 976 3339 nostri
995 3294 1050 3339 et
1065 3284 1488 3340 Macbabteorum
1504 3285 1739 3340 victoriae
1754 3282 2119 3338 convenerunt
2135 3282 2147 3334 !

579 3351 750 3424 Quam
791 3355 978 3409 similis
1024 3370 1209 3410 eorum
1256 3353 1677 3424 pugoalQuam
1715 3352 2026 3424 indifferens
2072 3359 2154 3424 est

580 3422 913 3494 triumphus!
948 3425 1068 3480 Illos
1107 3422 1271 3479 enim_
1295 3423 1558 3478 Antiocho
1603 3423 1849 3494 smvientin
1869 3423 2024 3494 anxia
2053 3422 2152 3474 ob-

579 3493 698 3547 tulit
727 3491 924 3561 mater;
959 3496 1098 3550 hunc
1124 3495 1420 3548 insaniente
1450 3493 1661 3549 diabolo
1691 3493 1742 3547 in
1773 3491 2151 3561 spiritalejcer—

580 3571 758 3618 tamen
785 3559 1113 3620 credentium
1143 3564 1380 3621 omnium
1422 3572 1594 3618 mater
1635 3559 1860 3619 sollicita
1900 3559 2153 3632 produxit

2251 1898 2453 1951 sciebat
2497 1898 2598 1968 sibi
2627 1905 2681 1952 et
2725 1899 2972 1952 amissam
3019 1899 3196 1968 perire
3224 1914 3329 1953 non
3374 1912 3552 1968 posse.
3603 1898 3833 1968 Quartus

2253 1975 2454 2034 autem,
2483 1967 2720 2034 quintus,
2751 1975 2805 2022 et
2833 1967 3034 2031 sextus;
3066 1976 3124 2022 ut
3144 1968 3337 2023 lectum
3367 1976 3468 2027 est,
3501 1967 3618 2021 sine
3639 1967 3834 2020 deseri-

2251 2036 2434 2116 ptione
2457 2050 2755 2116 poenarum,
2785 2037 3110 2116 Antiochem
3129 2051 3310 2116 regem
3331 2036 3508 2116 verbis
3532 2037 3832 2116 acrioribus

2253 2105 2618 2174 increparunt.
2673 2105 2933 2163 Eusebius
2984 2107 3326 2161 nihilominus
3371 2106 3511 2160 inter
3552 2105 3832 2159 innumera

2253 2182 2520 2246 tormenta
2543 2190 2606 2230 ac
2625 2174 2833 2230 diversa
2856 2177 3137 2246 supplicia,
3160 2187 3267 2230 tam
3289 2175 3469 2241 fortia,
3491 2183 3604 2246 tam
3626 2175 3830 2246 magni-

2254 2241 2466 2316 ﬁca‘est
2493 2244 2720 2309 locutus,
2746 2253 2804 2300 ut
2825 2241 3190 2316 increpatione
3211 2245 3496 2316 verborum
3526 2243 3831 2316 ejusimpia

2255 2312 2580 2396 perﬁdorum
2606 2323 2831 2396 pectcra
2859 2312 3257 2396 torquerentur.
3290 2312 3564 2396 Septimus
3589 2314 3754 2396 etiam

2254 2381 2487 2454 paterna:
2518 2381 2649 2452 legis
2673 2381 2981 2440 defensione
3021 2386 3329 2454 persistens,
3355 2381 3678 2454 Antiochum
3722 2381 3830 2454 doli

2253 2452 2495 2524 plenum,
2520 2455 2753 2524 honores
2796 2471 2860 2510 ac
2901 2452 3112 2524 divitias
3155 2455 3559 2524 promittentem
3604 2452 3832 2524 mirabili

2253 2522 2688 2594 magnanimitate
2717 2525 3056 2594 contempsit.
3082 2522 3365 2578 Eusebium
3393 2530 3575 2576 autem
3605 2522 3830 2594 necubo-

2253 2594 2399 2647 noris
2437 2593 2781 2662 sacerdotalis
2827 2592 3073 2660 ambitio,
3116 2608 3216 2647 nec
3252 2600 3540 2662 paupertas
3585 2592 3762 2646 exsilii
3800 2606 3831 2644 a

2254 2677 2395 2716 verte
2440 2661 2560 2716 ﬁdei
2591 2665 3016 2731 propugnatione
3061 2661 3303 2727 divertit;
3335 2661 3428 2716 sed
3468 2674 3568 2731 per
3595 2669 3830 2731 sanctam

2255 2678 2395 2716 verte
2440 2678 2560 2716 uuer
2591 2678 2687 2730 pro
2729 2678 3016 2730 ugnattone
3061 2678 3303 2727 mverm;
3335 2678 3428 2716 sea
3468 2678 3568 2731 per
3595 2678 3827 2715 sanctam

2255 2732 2491 2800 inopiam
2533 2678 2828 2787 inefl'agiles
2865 2733 3078 2787 divitias
3105 2732 3459 2802 conquisivit,
3491 2740 3546 2784 et
3573 2730 3827 2802 sacendo-

2257 2799 2386 2873 tium
2415 2817 2569 2873 suum
2597 2802 2882 2873 sacerdotii
2912 2804 3076 2873 ipsius
3102 2799 3390 2873 amissione
3416 2800 3673 2873 servavit.
3703 2799 3830 2855 Glo-

2255 2870 2545 2924 riosissima
2574 2871 2734 2924 etiam
2766 2869 2946 2927 mater
2981 2887 3087 2926 non
3118 2871 3434 2926 cedentibus
3479 2869 3600 2922 ﬁliis
3641 2870 3832 2923 iratum

2257 2939 2527 3007 superavit
2556 2939 2906 3006 Antiochum,
2955 2951 3010 2997 et
3055 2940 3292 2996 Ecclesia
3332 2939 3564 3006 Christi,
3607 2938 3834 2992 Eusebio

2255 3009 2502 3081 vincente
2529 3009 2826 3081 perﬁdiam,
2855 3012 3028 3081 ipsum
3077 3011 3371 3081 impietatis
3409 3018 3682 3081 auctorem
3712 3008 3833 3062 dia—

2256 3079 2458 3140 bolum,
2490 3077 2696 3133 reddita
2743 3077 2943 3135 mundo
2988 3077 3246 3144 veritate,
3294 3079 3540 3134 calcavit.
3590 3077 3714 3132 Haec
3757 3085 3836 3131 est

2257 3147 2416 3216 igitur
2442 3147 2749 3204 beatissimo
2775 3150 3070 3206 confessori
3097 3165 3216 3204 cum
3246 3149 3548 3204 Machabeis
3583 3147 3836 3202 fratribus

2256 3218 2561 3271 certaminis
2580 3218 2868 3287 glorizeque
2892 3220 3218 3275 communio.
3250 3219 3418 3286 Ilujus
3446 3217 3730 3287 dieinnobis
3757 3223 3836 3270 est

2257 3288 2411 3358 annis
2439 3288 2688 3342 omnibus
2718 3286 3116 3358 multiplicanda
3140 3299 3194 3342 et
3212 3287 3525 3342 honoranda
3551 3286 3831 3358 festivitas,

2258 3357 2312 3410 in
2342 3373 2448 3426 quo
2479 3357 2528 3410 in
2549 3365 2806 3411 aeternam
2837 3355 3218 3413 beatitudinem
3248 3365 3302 3411 et
3324 3365 3619 3426 assertores
3645 3355 3832 3408 Testa-

2255 3423 2424 3479 menti
2455 3426 2664 3481 Veteris
2707 3428 3064 3488 transierunt.
3113 3435 3169 3483 et
3214 3426 3338 3482 novi
3381 3423 3660 3495 Evangelii
3710 3441 3831 3494 pro-

2255 3504 2518 3564 pugnator
2552 3505 2854 3567 assumptus
2883 3507 2985 3553 est.

1937 3648 2207 3712 SERMO
2249 3650 2489 3711 XXIII.

1607 3753 1742 3808 Item
1770 3753 1832 3807 de
1867 3753 1928 3808 S.
1965 3751 2184 3806 Eusebio
2211 3758 2261 3803 et
2289 3747 2352 3804 de
2381 3749 2694 3804 Machabceis
2726 3747 2829 3804 ιγ.

582 3843 1269 3899 Artabanum—Rursum
1289 3847 1536 3915 pm'clare
1557 3845 1619 3898 ab
1636 3844 1856 3899 Eusebio
1878 3861 1958 3897 res
1979 3851 2157 3914 gestae;

651 3915 916 3983 collegium
958 3917 1207 3980 imprimis
1235 3914 1557 3967 sacerdotum
1603 3915 2156 3983 ejvtsjoperajinstitu-

652 3981 794 4054 tgtm,
822 3999 881 4033 ac
907 3984 1030 4054 ﬁdei
1060 3985 1314 4052 confessio
1343 3981 1690 4054 supplicioque
1717 3981 2032 4036 Macltabwis
2074 3984 2156 4034 in-

650 4051 791 4118 ﬂicta
815 4051 1111 4104 recitantur.

651 4137 984 4223 Quanquam,
1015 4139 1340 4223 dilectissimi
1369 4140 1590 4223 fratres,
1619 4141 1760 4223 beati
1786 4141 1954 4223 patris
1988 4139 2160 4221 nostri

581 4208 773 4278 eiimmi
801 4209 1093 4263 sacerdotis
1121 4219 1176 4264 et
1204 4211 1525 4265 confessoris
1551 4210 1763 4265 Eusebii
1788 4208 2033 4278 indignus
2053 4210 2157 4264 sim

585 4276 720 4348 ﬁlius
748 4285 802 4331 et
829 4278 1081 4348 minimus
1121 4295 1335 4345 servus,
1387 4281 1681 4348 insignibus
1729 4276 1922 4334 tamen
1951 4279 2158 4333 meritis

583 4361 647 4400 ac
669 4347 956 4419 virtutibus
977 4348 1070 4419 vel
1097 4350 1341 4417 exiguam
1365 4347 1606 4417 dependo
1635 4366 1732 4419 pro
1755 4351 1956 4404 viribus
1985 4349 2155 4419 servi-f

583 4423 771 4488 tutem.
821 4415 934 4471 Etsi
975 4417 1089 4472 haec
1118 4415 1223 4488 ille
1269 4419 1319 4471 in
1357 4415 1662 4474 eailestibus
1690 4434 1883 4488 agens,
1911 4426 1967 4472 et
1992 4417 2156 4488 coetui

582 4486 880 4540 associatus
909 4487 1218 4554 evangelica
1247 4503 1351 4540 non
1381 4488 1624 4556 requirit,
1655 4486 1752 4542 nos
1783 4497 1959 4542 tamen
1987 4487 2156 4541 nostri

582 4569 849 4626 memores
896 4555 1187 4626 ingerimus
1230 4556 1373 4626 quod
1421 4555 1692 4611 debemus.
1741 4556 1893 4622 Quod
1938 4557 2156 4626 quidem

583 4622 672 4678 illa
699 4636 860 4692 quam
881 4625 1110 4694 maxime
1130 4622 1447 4680 confidentia
1476 4626 1666 4690 audeo,
1690 4627 1814 4694 quia
1841 4622 2157 4681 non'dubito

585 4707 727 4758 eum,
754 4693 996 4765 quamvis
1023 4710 1054 4748 a
1083 4710 1169 4749 me
1196 4693 1417 4749 humilia
1439 4705 1493 4750 et
1511 4711 1672 4765 parva
1691 4693 1952 4765 dicantur,
1977 4695 2160 4749 famuli

583 4764 881 4834 acinutritii
914 4764 996 4834 sui
1023 4780 1269 4820 sermone
1296 4781 1400 4820 non
1431 4764 1786 4820 examinantis
1807 4764 2030 4834 judicio,
2065 4765 2161 4820 sed

583 4831 854 4904 diligentis
890 4833 1170 4889 affectione
1207 4850 1452 4904 pensare.
1485 4831 1822 4904 Atque-ideo
1849 4836 1993 4890 omni
2018 4831 2156 4890 cum

583 4903 779 4974 gandio
808 4902 1119 4974 obsequium
1145 4902 1303 4974 patri,
1330 4902 1873 4972 oﬁiciutnsacerdoti,
1895 4906 2156 4960 honorem

583 4971 871 5048 deferimus
916 4971 1228 5048 ccnfessdri.
1258 4973 1359 5048 ilic
1389 4975 1567 5048 itaque
1613 4990 1734 5048 cum
1759 4975 1833 5048 __in
1879 4976 1981 5029 hac
2010 4975 2158 5048 urbe

585 5037 928 5113 dispensante
948 5043 1058 5098 Deo
1079 5043 1272 5098 summi
1292 5037 1514 5111 gradum
1537 5041 1791 5112 pontiﬁcii
1813 5045 2153 5113 suscepisset,

589 5111 919 5183 ut_universo
949 5113 1094 5168 clero
1135 5127 1233 5168 suo
1273 5111 1584 5183 spiritalium
1615 5111 2005 5183 institutionum
2034 5129 2155 5182 spe-

587 5175 763 5256 culum
800 5195 861 5233 se
897 5182 1120 5256 eteleste
1148 5175 1429 5256 prmbéret,
1459 5198 1646 5256 omnes
1670 5181 1788 5237 illos
1812 5197 1992 5236 secum
2019 5175 2158 5236 intra

590 5251 745 5300 unius
772 5256 980 5321 Septum
999 5251 1288 5308 habitaculi
1308 5253 1672 5320 congregavit,
1701 5259 1760 5307 ut
1783 5267 2013 5321 quorum
2041 5258 2158 5306 erat

588 5325 936 5396 unumatque
961 5320 1240 5376 indivisum
1264 5323 1318 5396 in
1347 5322 1603 5396 religione
1625 5320 1993 5396 ργορρείιιιιη,Δ
2010 5322 2160 5396 ﬁeret

589 5391 696 5464 vita
717 5391 992 5467 victusque
1010 5392 1326 5467 communis.
1349 5391 1696 5467 Quatenusin
1718 5393 1804 5445 illa
1829 5391 2160 5467 sanctissima

586 5459 846 5536 societate
874 5459 1082 5536 vivendi
1128 5461 1362 5536 invicem
1396 5462 1496 5516 sibi
1537 5471 1714 5536 essent
1739 5461 2162 5536 conversationis

586 5534 789 5605 sumet
825 5524 1036 5593 judices
1081 5537 1136 5605 et
1179 5531 1464 5605 custodes:
1495 5540 1553 5605 et
1590 5532 1716 5587 dum
1758 5532 1892 5586 alter
1937 5530 2156 5605 alterius

589 5590 937 5673 humilitatem
986 5597 1214 5673 praefert,
1263 5601 1645 5673 continentiam
1691 5611 1909 5673 stupet,
1937 5601 2156 5669 suspicit

585 5667 908 5742 castitatem,
939 5667 1249 5742 patientiam
1275 5671 1486 5742 iaudat,
1507 5667 1806 5726 miserantis
1827 5672 1989 5726 animi
2019 5667 2154 5740 prm-

583 5731 729 5788 dicat
755 5731 1045 5795 bonitatem
1067 5779 1083 5806 ,
1120 5735 1320 5806 jejunia
1353 5731 1659 5811 vigiliasque
1687 5743 1936 5811 miratur;
1967 5731 2153 5798 omnes

2260 3843 2329 3896 ab
2359 3841 2606 3896 omnibus
2651 3841 2921 3895 discerent
2959 3854 3102 3909 quoa
3150 3841 3200 3894 in
3232 3855 3290 3896 se
3315 3838 3505 3906 singuli
3534 3853 3642 3891 non
3672 3837 3840 3891 habe-

2258 3921 2410 3975 bant.
2441 3919 2569 3984 Quaa
2596 3933 2717 3972 cum
2766 3919 2838 3971 ita
2883 3925 3092 3981 essent,
3142 3918 3195 3970 in
3243 3917 3615 3970 universorum
3662 3923 3841 3969 tamen

2258 4006 2482 4067 pectora
2535 3996 2799 4051 bonorum
2856 3997 3092 4050 omnium
3159 3995 3436 4064 plenitudo
3487 3995 3670 4061 magni
3728 3993 3843 4060 ejus

2258 4075 2476 4130 Eusebii
2503 4075 2570 4129 de
2598 4075 2744 4129 fonte
2773 4075 3054 4138 manabat;
3093 4081 3253 4142 atque
3302 4074 3373 4127 ita
3413 4070 3572 4126 ﬁebat
3616 4080 3675 4126 ut
3717 4071 3841 4125 dum

2261 4145 2314 4198 in
2341 4146 2518 4200 divina
2547 4153 2813 4214 przecepta
2859 4144 3118 4214 exemplis
3145 4159 3203 4214 se
3231 4142 3428 4198 mutuis
3473 4142 3740 4203 excitant,
3789 4142 3841 4214 in

2259 4212 2562 4268 diversorio
2597 4215 2689 4268 illo
2724 4212 2839 4267 non
2887 4223 2996 4266 tam
3027 4213 3300 4266 hominum
3329 4221 3471 4266 esset
3498 4212 3843 4278 congregatio

2256 4299 2416 4353 quam
2435 4284 2708 4338 virtutum.
2729 4282 2862 4336 Cum
2883 4298 3010 4353 vero
3030 4280 3387 4353 Christianam
3413 4280 3578 4353 ﬁdem
3594 4290 3649 4334 et
3669 4281 3842 4353 ecclt.~

2255 4350 2523 4408 siasticam
2551 4367 2736 4422 pacem
2767 4361 2882 4406 toto
2911 4352 3040 4407 orbe
3069 4352 3263 4406 Ariana
3295 4353 3534 4422 turbaret
3565 4350 3836 4422 impietas,

2259 4431 2315 4477 et
2346 4419 2644 4476 Divinitatis
2670 4422 2913 4487 rebelles,
2939 4431 3146 4476 terrore
3171 4423 3337 4488 regio,
3363 4420 3567 4475 exsiliis
3585 4419 3842 4474 diversis-

2257 4507 2363 4560 que
2391 4492 2665 4562 suppliciis
2692 4492 2744 4545 iu
2773 4506 3091 4562 consensum
3133 4489 3368 4562 perﬁdiae
3414 4504 3523 4544 suae
3571 4489 3844 4556 simplices
3891 4533 3896 4538 .

2260 4560 2508 4628 quosque
2546 4569 2765 4629 cogeret
2793 4560 3422 4625 sacerdotestEusebius
3464 4566 3652 4613 noster
3679 4573 3844 4626 supra

2262 4639 2470 4698 petram
2514 4647 2666 4685 suum
2718 4631 3048 4686 constituens
3097 4630 3520 4694 fundamentum,
3570 4636 3753 4680 tantus
3776 4641 3844 4698 ac

2190 4673 2238 4733 θ
2262 4673 3048 4765 ιιῖ
3070 4673 3592 4754 fremiidsvﬁuctuitm
3625 4697 3847 4750 munda-

2259 4785 2450 4824 norum
2475 4770 2648 4838 nullus
2661 4784 2812 4823 error
2831 4768 3146 4835 involveret,
3161 4777 3402 4838 potestas
3419 4767 3563 4838 nulla
3585 4775 3838 4838 terreret.

2259 4838 2414 4906 Nam,
2443 4848 2502 4892 ut
2527 4837 2716 4893 relatio
2746 4847 2968 4908 paterna
2999 4853 3097 4892 nos
3125 4835 3324 4904 docuit,
3349 4838 3423 4890 ita
3453 4835 3639 4889 humili
3671 4850 3840 4902 angu—

2256 4917 2469 4978 stoque,
2495 4923 2714 4978 carcere
2738 4907 2974 4978 clausus
3021 4917 3312 4978 reseratur,
3365 4915 3422 4961 ut
3469 4913 3840 4978 nequestans

2257 4973 2432 5046 neque
2452 4977 2636 5045 jacens
2664 4977 2886 5032 haberet
2908 4977 3210 5046 porrigendi
3231 4977 3313 5030 sui
3343 4974 3592 5046 corporis
3617 4973 3834 5046 liberta-

2255 5043 2382 5122 tem.
2416 5043 2768 5122 Premebatur
2803 5043 3016 5116 quidem
3043 5043 3373 5122 habitatione
3399 5043 3627 5122 pmnali,
3661 5058 3730 5096 ne
3759 5043 3839 5122 ins

2258 5116 2458 5171 clinum
2486 5124 2649 5185 caput
2692 5113 2949 5184 erigeret,
2999 5116 3093 5170 sed
3132 5113 3416 5185 passionis
3439 5113 3607 5185 ipsius
3650 5113 3839 5185 merito

2256 5185 2514 5242 verticem
2538 5181 2693 5241 suum
2715 5181 2995 5240 attollebat
3009 5186 3062 5240 in
3083 5181 3297 5240 cmlum.
3314 5181 3636 5238 Arctabatur
3658 5181 3840 5235 nihilo-

2259 5256 2435 5309 minus
2461 5255 2696 5310 carceris
2742 5255 3023 5321 brevitate,
3076 5271 3143 5310 ne
3189 5254 3454 5314 lassantia.
3492 5251 3545 5304 in
3595 5251 3834 5320 requiem

2258 5338 2432 5400 g_e_nua
2462 5325 2760 5389 relaxaret;
2791 5325 2885 5400 sed
2910 5325 3149 5400 veritatis
3182 5322 3472 5400 gradiendo
3497 5321 3724 5400 semitas
3736 5333 3834 5400 per

2259 5397 2365 5518 ἔρ
2389 5410 2596 5450 ammna
2683 5394 2878 5448 aradisi
2924 5393 3246 5463 incorrupta:
3293 5392 3414 5448 ﬁdei
3461 5406 3572 5446 sua:
3618 5392 3829 5469 vestigia

2297 5465 2533 5518 iatabat.
2565 5411 2964 5518 Sugtmhuntur
3002 5465 3161 5518 etiam
3201 5463 3308 5518 illi.
3339 5471 3399 5516 ut
3438 5461 3606 5518 iusius
3643 5466 3829 5518 scripta

2297 5459 2533 5518 ilatabat.
2565 5459 2964 5518 Subtrahuntur
3002 5459 3161 5518 etiam
3201 5463 3308 5529 illi,
3339 5471 3399 5516 ut
3438 5459 3830 5531 ipsiusscripta

2262 5542 2542 5606 testantur,
2565 5533 2674 5606 cibi
2696 5543 2959 5606 potusque
2984 5533 3309 5606 ministeria;
3333 5533 3424 5606 sed
3449 5529 3592 5606 nulla
3615 5529 3701 5582 ille
3720 5542 3832 5606 car-

2261 5604 2396 5658 nalis
2419 5599 2904 5674 escmjfatigabatur
2924 5603 3126 5674 inedia,
3155 5603 3248 5672 qui
3276 5599 3830 5674 confitendc_mtertri-_»

2258 5681 2423 5727 tatem
2451 5673 2646 5728 Christi
2677 5667 2894 5746 caelesti
2922 5673 3082 5746 Verbi
3119 5667 3516 5746 panevivebat.
3566 5667 3673 5722 Nec
3707 5667 3826 5746 cogi

2259 5757 2494 5812 unquam
2540 5743 2717 5814 potuit
2768 5751 2826 5798 ut
2871 5743 3098 5814 imperio
3122 5741 3470 5814 perﬁdorum
3514 5741 3826 5794 necessitate
