4138 6196
334 358 446 416 895

1740 356 1969 414 SERMO
2007 357 2185 415 XXIV.

3480 361 3587 425 894

333 484 601 543 corporea
622 475 820 543 statum
841 467 1010 543 fidelis
1029 470 1221 543 animas
1236 468 1558 543 subjugaret.
1583 465 1651 523 Et
1671 470 1912 543 quamvis
1941 473 1989 532 Α
2014 470 2227 543 Eusebii
2256 471 2452 541 quippe
2479 471 2827 543 suspicientes
2848 472 3196 543 triumphum,
3227 482 3279 528 et
3304 473 3581 531 victricum

336 538 531 595 beatus
559 538 818 609 Eusebius
846 539 898 592 in
924 547 1076 609 tanto
1103 539 1222 593 fidei
1245 540 1426 609 przelio
1456 538 1675 593 adversa
1690 538 1907 606 omnia,

335 612 472 672 Deo,
501 609 586 664 cui
616 608 896 671 militabat,
915 606 1153 674 juvante,
1185 606 1500 676 superaret,
1519 622 1705 661 omnes
1733 618 1910 662 tamen

333 681 459 739 illas
498 677 710 746 jacendi
755 678 1041 746 angustias,
1092 675 1264 744 atque
1293 678 1436 730 illam
1482 675 1635 731 famis
1677 678 1910 745 inopiam

333 745 675 803 tolerabilius
694 745 997 814 perferebat
1019 747 1035 765 ‘
1056 746 1146 813 qui
1167 753 1521 800 exercuerant
1547 746 1720 810 illum;
1751 746 1914 800 lectu-

333 818 419 871 lus
443 816 630 869 durior
657 823 711 868 et
730 814 1012 867 sanctioris
1038 815 1296 883 propositi
1325 816 1631 869 continuata
1650 815 1850 883 jejunia
1870 816 1905 867 '.

334 887 437 940 Hie
466 899 591 939 vere
620 899 739 937 cum
769 883 1013 952 apostolo
1042 882 1207 937 Paulo
1230 892 1284 937 et
1309 883 1438 952 dicit
1466 892 1520 937 et
1552 882 1749 938 docet:
1785 882 1911 946 Quis

332 972 431 1009 nos
452 952 711 1023 separabit
732 968 763 1023 a
783 951 994 1005 caritate
1008 951 1192 1023 Christi
1206 955 1228 1004 ?
1243 951 1501 1006 tribulatio
1515 954 1537 1005 ?
1550 969 1617 1004 an
1637 953 1912 1023 anguslig?

331 1041 405 1076 an
436 1020 754 1091 persecutio?
781 1037 861 1091 ,an
898 1023 1067 1091 fames
1098 1020 1273 1091 (Rom.
1308 1024 1456 1089 vni)?
1496 1028 1550 1074 et
1590 1020 1811 1088 reliqua.
1845 1020 1912 1074 Et

332 1088 487 1147 recte
508 1106 614 1143 non
642 1090 815 1158 potuit
836 1104 865 1141 a
886 1088 1551 1143 Christotribulationibus
1571 1098 1626 1143 et
1652 1091 1910 1157 angustiis

333 1159 600 1229 separaii.
626 1159 716 1227 qui
746 1173 852 1211 non
880 1159 1054 1229 potuit
1072 1159 1189 1229 cogi
1213 1166 1270 1210 ut
1298 1173 1326 1210 a
1359 1158 1515 1212 Patre
1544 1158 1734 1229 Filium
1763 1174 1915 1229 sepa-

333 1227 502 1284 raret.
531 1227 596 1279 Et
616 1242 920 1296 quanquam
949 1227 1015 1280 de
1042 1227 1303 1296 suavitate
1330 1237 1600 1294 gestorum
1628 1228 1742 1295 ejus
1766 1228 1910 1282 nulla

332 1300 410 1353 sit
439 1298 667 1351 invicem
698 1295 851 1350 nobis
877 1295 1087 1349 dicendi
1137 1296 1488 1364 audiendique
1522 1297 1779 1363 satietas,
1812 1312 1912 1351 nec

332 1368 768 1435 beatissimorum
800 1373 983 1435 tamen
998 1364 1417 1435 Machabaiorum
1445 1366 1658 1419 silentio
1681 1376 1761 1420 est
1783 1382 1915 1435 prai-

332 1435 597 1491 tereunda
628 1434 851 1487 victoria
884 1431 983 1501 (II
1013 1433 1186 1486 Maeli.
1226 1434 1354 1501 vn),
1401 1435 1524 1502 quia
1556 1441 1610 1488 et
1638 1431 1798 1503 ipsos—
1826 1436 1912 1489 hic

332 1508 481 1561 idem
503 1505 617 1559 dies
636 1511 851 1571 ereptos
870 1503 1066 1556 saeculo
1091 1516 1283 1569 magno
1303 1518 1422 1556 cum
1446 1504 1711 1571 triumpho
1742 1512 1912 1557 trans-

331 1576 485 1631 misit
512 1573 578 1626 ad
606 1572 819 1626 calum.
852 1571 918 1624 Et
944 1572 1186 1638 quamvis
1227 1572 1421 1625 chorus
1469 1572 1555 1626 ille
1595 1571 1912 1627 fortissimus

331 1645 405 1699 ad
436 1644 602 1697 Deum
629 1656 783 1694 suum
814 1641 953 1694 inter
981 1648 1243 1693 tormenta
1274 1642 1561 1705 transierit,
1597 1657 1701 1695 non
1732 1651 1906 1696 tamen

331 1715 510 1790 impar
529 1718 611 1790 est
630 1709 908 1790 Eusebius,
930 1709 1018 1777 qui
1040 1708 1310 1790 confutata
1329 1708 1551 1790 perfidia
1573 1711 1639 1764 ad
1661 1711 1907 1790 eumdem

335 1778 511 1837 Deum
537 1780 677 1833 victa
701 1787 820 1845 post
842 1786 1105 1831 tormenta
1126 1778 1389 1845 migravit.
1414 1778 1481 1831 Et
1502 1787 1559 1832 ut
1582 1781 1909 1834 manifestius

332 1852 680 1905 advertamus
700 1847 913 1901 Eusebii
934 1848 1100 1902 nostri
1122 1848 1424 1901 inferiorem
1446 1863 1552 1902 non
1569 1847 1729 1903 fuisse
1746 1850 1911 1904 victo-

332 1922 509 1985 riam,
558 1918 632 1971 illi
665 1918 829 1971 veteri
877 1932 977 1985 pro
1025 1916 1142 1983 lege
1189 1925 1478 1979 certarunt,
1520 1918 1607 1970 hic
1633 1934 1773 1972 novo
1809 1934 1909 1985 pro

331 1987 630 2055 Evangelio
672 1986 973 2050 dimicavit,
1004 1985 1079 2055 illi
1108 2000 1206 2054 pro
1252 1987 1533 2054 praeceptis
1573 1986 1784 2053 quidem
1815 1985 1909 2041 Dei

330 2054 654 2125 subjaCuere
700 2056 987 2125 suppliciis,
1030 2054 1289 2125 Eusebius
1333 2064 1511 2125 autem
1548 2071 1646 2123 pro
1692 2056 1911 2110 Deitatis

333 2123 506 2198 ipsius
517 2125 756 2198 veritate
769 2123 1039 2198 conflixit;
1067 2124 1375 2178 restiterunt
1397 2124 1470 2177 illi
1492 2125 1755 2198 Antiocho
1776 2127 1905 2198 regi,

332 2193 407 2252 lie
455 2195 653 2249 illicitis
700 2201 828 2247 tunc
870 2193 1118 2247 carnibus
1162 2202 1526 2256 vescerentur,
1572 2194 1777 2247 obstitit
1822 2196 1911 2248 ille

330 2265 574 2329 diabolo,
602 2278 669 2316 ne
698 2262 931 2316 haeretici
958 2262 1222 2332 sermonis
1248 2262 1509 2332 fermento
1539 2278 1728 2332 panem
1756 2264 1910 2319 nobis

330 2334 661 2390 dominicum
696 2332 804 2401 '76
831 2331 1140 2387 macularet.
1184 2331 1522 2386 Exsultemus
1544 2331 1761 2400 itaque,
1800 2332 1909 2385 fra-

331 2414 467 2468 tres,
508 2403 620 2456 Deo
665 2410 849 2455 nostro
879 2409 1097 2467 agentes
1122 2402 1339 2467 gratias,
1363 2402 1487 2467 quia
1509 2402 1606 2459 sub
1636 2403 1735 2455 hac
1769 2417 1909 2469 pm-

330 2473 505 2530 sentis
553 2470 660 2526 diei
710 2470 998 2525 devotione
1052 2470 1262 2539 gemina
1308 2470 1595 2525 festivitate
1645 2471 1908 2537 laetamur,

2012 540 2441 596 Machabteorum
2468 540 2729 595 toruienta
2760 540 3031 597 mirantes:
3066 544 3145 596 An
3176 540 3280 597 non
3317 544 3585 601 mirabiles

2013 609 2323 681 Machabmi,
2351 612 2801 681 quosnativitau’s
2829 626 2936 681 suze
2966 614 3332 681 passionisquc
3359 627 3583 669 consor-

2010 678 2088 731 tio
2113 686 2169 733 et
2190 680 2327 747 apud
2349 680 2597 733 saeculum
2621 680 2809 733 fratres
2833 678 3018 747 fuisse,
3040 690 3093 735 et
3117 683 3170 735 in
3192 678 3326 737 cdzlo
3346 682 3584 737 videmus

2011 762 2129 818 esse
2157 761 2458 815 germanos,
2488 749 2577 815 qui
2625 750 2968 818 pinguissimo
3021 752 3245 818 egregiae
3290 752 3474 805 matris
3514 752 3582 805 ab

2011 816 2176 869 ubere
2223 824 2277 870 et
2322 816 2670 871 substantiam
2719 818 2955 881 vivendi,
3007 816 3075 872 et‘
3102 816 3345 874 vincendi
3390 835 3583 874 suxere

2009 885 2300 955 virtutem?
2328 884 2387 938 ln
2416 894 2616 941 tantam
2647 887 2788 942 enim
2817 888 3194 955 perfectionem
3226 889 3361 942 lacte
3389 897 3441 941 et
3464 905 3579 942 ser-

2011 969 2171 1026 mone
2198 954 2477 1009 adolevere
2503 965 2766 1026 materno,
2799 954 2856 1009 ut
2884 958 3251 1026 inseparabilis
3276 966 3416 1011 esset
3442 966 3497 1012 et
3527 959 3579 1012 in

2011 1022 2383 1093 cordeeorum
2413 1025 2670 1093 sapientia
2701 1034 2754 1079 et
2777 1026 2831 1078 in
2859 1022 3083 1093 corpore
3113 1027 3385 1080 fortitudo.
3414 1028 3574 1081 Deni-

2011 1106 2117 1159 que
2166 1092 2820 1165 Antioc‘hus’lectissimos
2859 1092 3081 1161 juvenes
3123 1096 3242 1150 tidei
3284 1097 3495 1165 propria
3527 1104 3582 1150 et

2010 1169 2253 1215 materna
2298 1162 2671 1217 adhortatione
2721 1171 3058 1226 constantes,
3110 1173 3167 1217 ut
3211 1182 3239 1218 a
3280 1162 3578 1218 reverentia

2011 1238 2247 1300 paterna:
2275 1231 2403 1298 legis
2432 1240 2695 1285 averteret
2719 1248 2825 1285 non
2856 1234 3131 1286 acerrimis
3162 1243 3360 1287 terrere
3386 1234 3581 1300 suppli»

2011 1299 2127 1371 ciis,
2176 1315 2280 1371 non
2326 1302 2530 1367 magnis
2574 1302 2749 1369 potuit
2789 1316 3014 1371 avocare
3054 1302 3345 1371 promissis.
3380 1299 3580 1355 Tantus

2011 1368 2152 1439 enim
2181 1369 2232 1421 in
2259 1371 2511 1423 membris
2537 1368 2721 1424 eorum
2750 1370 2917 1436 vigor,
2947 1368 3126 1424 tantus
3154 1372 3203 1423 in
3230 1378 3444 1439 pectore
3473 1371 3581 1439 spi-

2011 1438 2164 1508 ritus,
2195 1444 2343 1490 tanta
2390 1447 2505 1492 erat
2531 1438 2581 1491 in
2623 1440 2972 1508 responsione
3018 1438 3280 1500 doctrina,
3331 1448 3388 1492 ut
3427 1438 3579 1508 sper-

2012 1506 2187 1559 nendo
2214 1522 2415 1574 poenas,
2440 1516 2494 1561 et
2521 1506 2842 1562 confutando
2865 1508 3139 1577 perfidiam
3163 1510 3308 1577 impii
3335 1506 3493 1575 regis,
3525 1516 3581 1561 et

2011 1582 2271 1628 terrorem
2317 1576 2592 1629 vincerent
2638 1585 2692 1631 et
2736 1576 2991 1631 furorem.
3023 1576 3353 1631 Venerabilis
3398 1586 3578 1631 autem

2011 1652 2183 1714 mater
2203 1645 2537 1699 confessione
2555 1646 2731 1714 parili,
2755 1654 2809 1699 et
2835 1647 3097 1700 consimili
3122 1654 3292 1699 morte
3313 1646 3578 1709 defuncta,

2013 1713 2195 1783 lzctiori
2211 1714 2277 1767 ad
2306 1714 2526 1782 pignora
2554 1713 2648 1768 Sua
2677 1717 2741 1767 de
2772 1716 2875 1769 hoc
2902 1717 3096 1769 SiDCtllo
3119 1716 3355 1783 profecta
3385 1716 3580 1782 migra-

2012 1782 2104 1835 vit.
2155 1782 2265 1852 Nec
2309 1783 2499 1835 mirum
2548 1784 2592 1836 si
2640 1784 2892 1837 saevitiam
2941 1786 3081 1851 regis
3122 1782 3178 1836 in
3240 1786 3577 1852 semetipsum

2012 1851 2685 1921 magnanimiterpertulit,
2722 1868 2839 1921 qua:
2868 1860 2974 1904 tam
3017 1852 3223 1906 fortiter
3250 1870 3367 1907 eam
3408 1851 3581 1921 potuit

2011 1928 2065 1971 et
2094 1921 2146 1972 in
2178 1919 2297 1973 filiis
2316 1920 2597 1989 sustinere.
2620 1921 2757 1973 Vere
2777 1920 2930 1973 beata
2956 1922 3147 1975 mulier
3167 1930 3325 1989 atque
3348 1919 3581 1974 omnium

2010 1988 2379 2109 prosquenda
2408 1990 2717 2057 przeconiis,
2749 2004 2905 2055 quam
2936 2006 3033 2057 pro
3063 1990 3163 2043 fide
3194 1988 3285 2044 Dei
3315 1991 3416 2054 sni,
3447 1998 3499 2043 et
3530 1990 3581 2042 in

2011 2058 2186 2109 occasi
2229 2074 2289 2109 us
2333 2056 2560 2109 ﬁliorum
2584 2101 2597 2109 .
2647 2059 2786 2109 nulla
2817 2059 2992 2109 carnis
3022 2059 3176 2109 fregit
3203 2061 3437 2109 affectio-
3469 2067 3522 2109 et
3550 2073 3580 2109 a

2011 2056 2289 2111 occasibus
2333 2056 2560 2111 ﬁliarum
2584 2101 2597 2125 ,
2647 2059 2786 2111 nulla
2817 2056 2992 2111 carnis
3022 2059 3176 2125 fregit
3203 2061 3437 2124 affectio,
3469 2067 3522 2111 et
3550 2073 3580 2109 a

2010 2128 2292 2179 tormentis
2321 2128 2521 2194 proprii
2542 2128 2782 2194 corporis
2812 2144 2909 2181 nec
2937 2144 3094 2181 sexus
3132 2142 3384 2182 revocare
3412 2127 3582 2193 potuit

2013 2210 2110 2248 nec
2139 2204 2371 2249 senecta.
2428 2195 2552 2249 llaec
2598 2209 2725 2261 ergo
2776 2207 2916 2258 sunt,
2965 2197 3244 2261 carissimi,
3277 2197 3381 2248 dici
3426 2196 3582 2261 hujus

2011 2264 2199 2331 gaudia
2229 2264 2406 2317 votiva
2438 2264 2689 2317 fidelium.
2718 2264 2839 2317 llaec
2860 2280 3071 2333 semper
3093 2266 3248 2317 beato
3270 2263 3498 2317 Eusebio
3528 2269 3581 2316 et

2016 2332 2409 2400 gloriosissimis
2433 2334 2747 2387 Machabaais
2774 2332 3117 2387 exhibeamus
3143 2333 3416 2401 obsequia,
3447 2347 3581 2401 quos

2016 2402 2068 2472 in
2098 2410 2354 2456 :eternum
2400 2417 2619 2472 regnum
2667 2410 2875 2470 tempus
2904 2403 3118 2472 quidem
3163 2400 3457 2468 diversum,
3487 2400 3580 2457 sed

2017 2470 2133 2525 dies
2161 2472 2349 2526 eadem
2378 2480 2433 2527 et
2460 2470 2590 2526 fides
2620 2486 2724 2525 una
2754 2470 3018 2541 provexit.

1688 2560 1957 2621 SERMO
2001 2562 2237 2623 XXIV.

1410 2660 1491 2716 De
1518 2662 1682 2717 natali
1708 2663 1859 2717 unius
1885 2664 2193 2733 confessoris
2222 2664 2503 2734 pontificis.

1754 2750 2146 2808 ADMONITIO.

451 2852 525 2907 De
548 2848 709 2919 hujus
735 2847 998 2903 sermonis
1026 2846 1333 2902 auctoribus
1357 2846 1542 2902 confer
1567 2862 1686 2916 qua:
1715 2846 1770 2901 in
1796 2844 2105 2915 appendicis
2134 2844 2444 2915 przefatione
2472 2844 2801 2915 scripsimus.

330 2947 725 3001 Ancvumwu.
748 2973 821 2984 ——
840 2939 965 2994 Cum
992 2938 1243 2993 Dominus
1283 2939 1499 3010 singulis
1538 2939 1733 2993 dividat
1759 2945 1908 3010 prout
1935 2937 1979 2999 C
2013 2938 2099 3005 qui
2126 2937 2226 2991 duo
2257 2937 2449 2990 talenta
2476 2947 2761 3007 acceperat,
2786 2943 2836 2990 et
2862 2937 2977 2990 ait:
3001 2936 3239 3003 Domine,
3263 2937 3364 2992 duo
3390 2938 3581 2992 talenta

406 3015 511 3068 cuit
538 3028 750 3065 munera
779 3027 871 3063 sua
890 3049 905 3074 ,
938 3026 1039 3063 non
1068 3010 1326 3076 quantitas
1345 3008 1381 3070 ,⁷
1403 3008 1495 3061 sed
1532 3025 1653 3062 usus
1695 3008 1907 3061 caelestis

406 3084 591 3154 gratia:
608 3083 662 3135 in
684 3079 946 3134 reddenda
965 3075 1166 3131 ratibne
1192 3093 1225 3129 a
1251 3075 1362 3131 Deo
1384 3077 1642 3147 penditur.

407 3170 678 3240 Scriptum
705 3177 789 3223 est
817 3167 883 3240 in,
899 3166 1128 3221 lectione
1153 3165 1455 3240 evangeliea
1476 3165 1598 3234 quia
1620 3165 1768 3219 homo
1796 3166 1909 3240 qui-

332 3242 458 3295 dam
477 3235 686 3309 peregre
705 3237 1031 3309 proﬁciscens
1051 3236 1242 3309 necavit
1274 3250 1444 3288 servos
1457 3250 1604 3309 suos,
1627 3241 1675 3286 et
1698 3235 1907 3309 tradidit

332 3313 441 3364 illis
469 3303 741 3363 bona'sua.
772 3303 843 3358 Et
870 3307 957 3357 uni
984 3305 1124 3358 dedit
1147 3306 1365 3375 quinque
1392 3306 1586 3375 talenta
1604 3343 1617 3367 ,
1665 3304 1757 3375 alii
1784 3303 1904 3366 duo,

334 3381 431 3433 alii
453 3395 565 3432 vero
585 3392 775 3429 unum:
792 3372 1359 3445 unicuiquesecundum
1375 3374 1636 3443 propriam
1656 3372 1907 3438 virtutem;

333 3459 388 3503 et
414 3451 670 3524 profectus
699 3455 774 3498 est
802 3442 987 3524 statim
1005 3442 1215 3524 (gauli.
1246 3444 1391 3524 xsv).

434 3510 587 3571 {omo
617 3516 717 3571 iste
744 3510 1124 3583 paterfamilias
1148 3513 1405 3566 Dominus
1426 3511 1667 3566 Christus
1691 3519 1791 3583 est,
1817 3510 1908 3580 qui

334 3589 408 3642 ad
438 3586 651 3639 Patrem
681 3580 802 3652 post
826 3583 1279 3652 resurrectionem
1308 3582 1480 3652 victor
1515 3580 1908 3652 ascend_it,_vo-

334 3658 477 3711 eatis
505 3648 764 3723 apostolis
790 3651 1086 3723 doctrinam
1124 3649 1496 3723 Evangelicam
1526 3649 1763 3723 tradidit.
1791 3648 1909 3723 _Non

333 3741 438 3798 pro
475 3719 735 3798 largitate
750 3728 803 3776 et
826 3721 1087 3798 parcitate
1115 3721 1269 3798 alteri
1300 3721 1434 3798 plus,
1466 3728 1520 3772 et
1552 3719 1706 3773 alteri
1735 3719 1910 3798 minus

334 3787 613 3857 iribuens;
644 3791 738 3847 sed
764 3787 863 3860 pro
892 3790 1265 3860 accipientium
1294 3787 1493 3860 viribus
1521 3806 1533 3840 :
1564 3787 1833 3856 quomodo
1856 3795 1912 3841 et

337 3864 633 3934 Apostolus
662 3858 868 3930 eos—qui
894 3858 1121 3934 solidum
1148 3860 1326 3934 cibum
1354 3859 1603 3934 accipere
1622 3873 1727 3910 non
1750 3866 1909 3934 pote-

333 3925 484 3998 rant,
516 3933 654 3985 lacte
676 3925 891 3999 pota—sse
919 3942 977 3982 se
1006 3928 1148 3999 dicit.
1182 3928 1421 3996 Denique
1460 3925 1514 3981 et
1539 3927 1697 3999 illum
1720 3926 1824 3999 qui
1844 3925 1911 3980 de

332 3995 575 4072 quinque
606 3995 819 4072 talentis
860 3999 1044 4072 decem
1087 3995 1418 4072 fecerat,’et
1462 3997 1555 4072 qui
1578 3996 1663 4072 _de
1704 3995 1911 4072 duobus

333 4064 779 4141 quatuor,4simili
808 4066 1250 4141 recepit‘gaudio,
1275 4083 1382 4141 non
1411 4064 1747 4141 considerata
1777 4065 1908 4119 lucri

333 4134 731 4208 magnitudine,
775 4134 1071 4208 sedsiudio
1117 4135 1423 4208 voluntatis.
1472 4134 1824 4208 ln_qui_nqu_e_,
1856 4142 1912 4187 et

338 4203 574 4273 duobus,
600 4217 653 4262 et
682 4203 790 4260 uno
819 4206 1020 4259 talento
1048 4205 1134 4257 vel
1160 4204 1398 4258 diversas
1427 4203 1623 4270 gratias
1650 4203 1909 4269 intelliga-

2012 3016 2271 3068 tradidisti
2302 3016 2442 3080 mihi,
2474 3031 2588 3069 ecce
2612 3016 2717 3069 alia
2744 3016 2844 3069 duo
2874 3016 3099 3068 lucratus
3120 3031 3250 3067 sum.
3282 3014 3365 3067 Ait
3385 3014 3461 3067 illi
3490 3016 3582 3067 do-

2010 3094 2178 3146 minus
2222 3094 2333 3158 eius
2375 3110 2392 3146 :
2442 3093 2615 3162 Euge,
2647 3108 2788 3146 serve
2837 3092 2964 3146 bone
2989 3100 3038 3145 et
3070 3092 3256 3162 ﬁdelis,
3288 3095 3404 3163 quia
3433 3109 3583 3161 super

2010 3185 2174 3237 pauca
2204 3172 2344 3237 fuisti
2374 3170 2558 3238 ﬁdelis,
2590 3176 2748 3237 supra
2776 3171 2934 3238 multa
2967 3178 3015 3222 te
3042 3173 3347 3223 constituam
3383 3188 3400 3223 :
3444 3172 3582 3224 intra

2009 3240 2062 3291 in
2092 3239 2337 3307 gaudium
2375 3237 2579 3307 domini
2630 3240 2719 3289 tui.
2766 3237 2991 3307 Utrique
3034 3254 3210 3300 servo,
3244 3248 3301 3291 ut
3329 3247 3451 3293 ante
3472 3240 3581 3307 jam

2009 3307 2138 3373 dixi,
2169 3316 2223 3360 et
2248 3307 2338 3376 qui
2367 3308 2431 3360 de
2453 3306 2685 3373 quinque
2714 3307 2924 3359 talentis
2949 3306 3132 3376 decem
3162 3307 3388 3371 fecerat,
3420 3306 3481 3361 id
3502 3318 3582 3363 est

2008 3376 2075 3430 de
2104 3375 2336 3445 quinque
2358 3376 2598 3443 corporis
2624 3376 2865 3445 sensibus
2884 3375 3191 3443 spiritaliter
3214 3390 3375 3442 agens
3398 3379 3582 3430 multi-

2007 3444 2318 3515 plicaverat,
2342 3454 2396 3499 et
2423 3445 2584 3497 vitam
2615 3444 2873 3515 actualem
2903 3445 3039 3515 bene
3060 3454 3367 3515 peregerat;
3398 3448 3498 3515 77
3525 3453 3582 3499 et

2010 3508 2100 3584 qui
2130 3515 2196 3568 de
2224 3508 2430 3568 duobus
2459 3522 2717 3581 quatuor,
2744 3514 2795 3566 id
2816 3522 2898 3566 est
2918 3513 3007 3581 qui
3031 3508 3134 3584 hoc
3152 3508 3293 3584 quod
3324 3508 3581 3584 intellexit

2009 3581 2258 3637 fratribus
2287 3584 2625 3652 pricdicavit,
2659 3591 2712 3636 et
2742 3596 2904 3649 opera
2934 3581 3338 3652 complevit_,‘et
3367 3582 3581 3652 eosdem

2010 3649 2302 3722 proximos,
2334 3668 2430 3721 per
2454 3653 2651 3705 bonum
2674 3666 2825 3722 suum
2847 3652 3152 3722 exemplum
3170 3650 3232 3703 ad
3248 3649 3409 3722 fidem
3432 3651 3581 3704 duxit

2010 3718 2229 3788 Christi,
2260 3718 2435 3776 eidem
2463 3721 2858 3790 patrisfamilias
2886 3718 3062 3773 sermo
3097 3718 3391 3790 eblanditur,
3422 3729 3581 3788 atque

2011 3791 2204 3844 dicitur
2218 3787 2272 3844 ei
2298 3809 2310 3840 :
2334 3787 2501 3857 Euge,
2525 3790 2667 3858 quod
2689 3797 2792 3857 est,
2813 3789 2949 3843 bene
2977 3788 3164 3858 gaude.
3198 3787 3265 3841 Et
3292 3787 3580 3842 notandum

2011 3861 2152 3926 quod
2181 3861 2356 3914 omnia
2387 3876 2504 3928 qua:
2534 3857 2586 3912 in
2630 3858 2876 3928 praesenti
2914 3857 3196 3928 habentur,
3227 3858 3349 3928 licet
3392 3872 3581 3923 magna

2009 3930 2291 3983 videantur
2309 3937 2363 3983 et
2389 3926 2644 3999 plurima,
2668 3936 2842 3999 tamen
2865 3927 3263 3999 comparatione
3278 3926 3580 3999 futurorum

2011 4015 2179 4068 pauca
2208 4008 2261 4053 et
2289 3995 2452 4077 parva
2483 4007 2622 4052 sunt.
2651 3997 2789 4077 Quia
2820 3995 2998 4077 super
3022 4010 3189 4077 pauca
3206 3996 3361 4077 fuisti
3393 3995 3581 4077 fidelis,

2011 4066 2170 4135 supra
2201 4066 2368 4121 multa
2399 4078 2452 4121 te
2493 4068 2812 4121 constituam
2835 4108 2848 4132 ,
2881 4066 3042 4135 idest
3073 4066 3125 4117 in
3154 4074 3351 4119 mterna
3380 4067 3581 4133 quiete.

2011 4134 2146 4201 Quid
2174 4144 2349 4189 autem
2375 4136 2542 4200 magis
2568 4142 2741 4201 potest
2765 4135 2877 4187 dari
2902 4134 3040 4185 ﬁdeli
3069 4148 3245 4195 servo,
3276 4150 3435 4199 quam
3466 4149 3583 4189 esse

2011 4220 2130 4257 cum
2149 4203 2393 4266 Domino,
2414 4213 2468 4257 et
2485 4203 2660 4255 videre
2680 4202 2926 4268 gaudium
2944 4201 3151 4253 Domini
3174 4202 3289 4254 sui?
3308 4202 3365 4254 ln
3381 4212 3581 4256 interna

334 4295 479 4342 mus,
503 4269 622 4347 qua:
643 4275 927 4356 unicuique
949 4269 1505 4357 traditae'snntivelin
1522 4273 1701 4353 primo
1723 4286 1908 4325 omnes
1936 4298 1989 4357 Β
2014 4273 2209 4354 etenim
2238 4272 2564 4357 beatitudine
2592 4269 3080 4357 coll.ocatus,‘q‘ued
3120 4270 3499 4357 nonliabnenit
3528 4272 3581 4323 in

334 4342 536 4403 sensus
547 4342 871 4408 examinato,
896 4345 947 4397 in
969 4342 1200 4397 secundo
1223 4342 1624 4409 intelligentiam
1648 4348 1702 4394 et
1722 4355 1907 4409 opera,

336 4419 395 4475 in
420 4417 581 4471 tertio
610 4415 893 4477 rationem,
916 4428 1019 4482 qua
1050 4411 1291 4482 homines
1318 4426 1347 4464 a
1369 4411 1551 4465 bestiis
1579 4425 1906 4479 separamur.

333 4486 478 4541 Abiit
506 4492 673 4537 autem
698 4485 783 4554 qui
803 4480 1021 4553 quinque
1035 4480 1238 4554 talenta
1260 4491 1541 4554 accepemt,
1573 4487 1811 4554 operatus
1839 4488 1915 4554 est

336 4557 395 4609 in
425 4557 519 4630 eis,
553 4564 600 4607 et
628 4549 854 4630 lucratus
882 4549 960 4604 est
992 4550 1097 4630 alia
1131 4553 1370 4630 quinque.
1415 4549 1658 4630 Acceptis
1687 4550 1914 4630 terrenis

334 4624 586 4681 sensibus
627 4621 933 4688 cmlestium.
969 4620 1068 4673 sibi
1114 4618 1412 4673 doctrinam
1461 4618 1788 4688 duplicavit,
1833 4634 1913 4688 rex

334 4694 604 4751 creaturis
634 4687 935 4758 intelligens
962 4688 1271 4743 Creatorem
1293 4729 1308 4752 ,
1338 4702 1405 4742 ex
1433 4687 1913 4758 corporalibusin-

335 4762 659 4832 corporalia,
713 4777 779 4816 ex
809 4755 1124 4832 'visibilibus
1180 4757 1493 4832 invisibilia,
1530 4755 1616 4811 ex
1666 4755 1914 4832 brevibus

335 4824 564 4889 mle-ma.
592 4824 847 4885 Similiter
873 4829 962 4896 qui
990 4828 1095 4881 duo
1124 4837 1404 4896 acceperat
1444 4826 1680 4896 lucratus
1704 4832 1784 4878 est
1812 4824 1914 4896 alia

341 4903 474 4957 duo.
507 4900 575 4952 Et
603 4901 702 4955 iste
724 4915 822 4969 pro
855 4894 1054 4969 viribus
1078 4894 1345 4969 quidquid
1367 4898 1417 4949 in
1442 4896 1556 4969 lege
1579 4895 1832 4947 didicerat
1862 4894 1914 4946 in

340 4970 637 5036 Evangelia
683 4966 999 5037 duplicavit,
1045 4967 1247 5037 siveet
1272 4966 1581 5037 scientiam,
1628 4979 1721 5037 seu
1748 4978 1912 5037 opera

380 5033 623 5095 rmséntis
665 5033 785 5091 vitii:
834 5037 1024 5089 lutum
1050 5035 1393 5088 beatitudinis
1422 5043 1603 5104 typum
1633 5033 1911 5086 intellexit.

393 5119 473 5165 ost
516 5110 730 5162 multum
766 5122 881 5159 vero
921 5106 1160 5173 temporis
1204 5106 1336 5156 venit
1379 5104 1916 5173 dominusiservorum

336 5182 584 5242 illorum,
628 5186 677 5230 et
705 5176 877 5247 posuit
918 5172 1167 5247 rationem
1203 5189 1315 5247 cuin
1343 5175 1435 5226 eis.
1467 5172 1679 5247 Grande
1710 5180 1917 5247 tempus

338 5259 426 5304 est
455 5240 594 5301 inter
622 5240 988 5300 ascensionem
1032 5242 1323 5296 Salvatoris
1343 5284 1357 5308 ,
1406 5251 1460 5297 et
1486 5242 1773 5297 secundum
1803 5240 1918 5307 ejns

339 5321 652 5371 adventum.
686 5315 753 5368 Et
781 5313 1023 5383 accedens
1051 5312 1137 5382 qui
1164 5314 1380 5383 quinque
1411 5312 1601 5383 talenta
1630 5318 1913 5383 acceperat,

339 5388 528 5462 obtulit
555 5387 660 5439 alia
678 5380 1143 5462 ‘quirtqueutalenta
1176 5380 1401 5462 nam;
1432 5380 1668 5442 Domine,
1700 5381 1918 5462 guinque

342 5458 541 5511 talenta
571 5450 833 5508 tradidisti
853 5452 997 5517 mihi,
1030 5467 1141 5504 ecce
1167 5451 1271 5503 alia
1298 5452 1516 5519 quinque
1541 5450 1917 5519 superlucratus

341 5542 477 5579 sum.
510 5526 595 5577 Ait
621 5524 699 5577 illi
728 5523 962 5575 dominus
983 5516 1128 5590 ejus:
1151 5516 1320 5590 Euge,
1344 5516 1482 5574 serue
1502 5516 1629 5572 bone
1657 5529 1703 5570 et
1722 5516 1915 5590 ﬁdelis,

341 5596 467 5664 quia
496 5611 648 5662 super
670 5608 835 5662 pauca
861 5586 1019 5664 fuisti
1042 5586 1428 5664 ﬁdelisf‘sup‘ra
1445 5589 1623 5664 multa
1645 5596 1692 5639 te
1728 5586 1917 5638 consti-

342 5658 491 5719 tuam
517 5680 535 5716 :
558 5658 705 5716 intra
730 5664 781 5714 in
809 5658 1049 5730 gaudium
1078 5659 1270 5713 domini
1302 5658 1390 5711 tui.
1422 5658 1645 5711 Accessit
1673 5665 1840 5708 autem
1867 5664 1915 5707 et

2014 4344 2205 4396 merito
2224 4382 2237 4404 ,
2269 4342 2486 4395 habebit
2514 4341 2565 4394 in
2597 4340 2847 4403 caritate;
2879 4346 2934 4391 et
2962 4338 3068 4391 tale
3094 4338 3340 4404 gaudium
3370 4338 3582 4391 habitu-

2015 4428 2105 4466 rus
2133 4414 2232 4465 erit
2261 4411 2326 4465 de
2354 4411 2570 4464 alterius
2594 4410 2761 4475 gloria
2782 4408 3151 4469 eminentiore,
3181 4422 3244 4461 ac
3270 4407 3313 4462 si
3339 4422 3433 4460 sua
3464 4420 3581 4462 esse

2013 4481 2274 4536 videatur.
2309 4479 2477 4545 Intra,
2509 4479 2698 4549 inquit,
2725 4480 2777 4530 in
2809 4478 3054 4549 gaudium
3093 4476 3284 4529 domini
3314 4478 3413 4549 tui;
3444 4476 3582 4549 acsi

2014 4552 2153 4605 dicat
2178 4569 2189 4602 :
2215 4551 2435 4619 Suscipe
2463 4546 2709 4618 quze'nec
2741 4546 2941 4619 oculus
2954 4547 3104 4613 vidit,
3134 4547 3400 4619 necauris
3428 4546 3582 4619 andi-

2013 4621 2120 4684 vit,
2153 4636 2253 4675 nec
2279 4622 2330 4674 in
2370 4614 2725 4673 'cor'hominis
2753 4617 3125 4673 ascenderunt.
3157 4614 3261 4669 Sed
3287 4616 3452 4684 homo
3481 4616 3583 4669 iste

2052 4683 2239 4756 eregre
2286 4688 2625 4757 proficiscens
2660 4687 2836 4757 servis
2878 4686 2987 4757 suis
3014 4686 3150 4739 bona
3183 4683 3428 4757 tradidit__,
3458 4685 3580 4757 quia

2052 4705 2239 4756 eregre
2286 4705 2625 4757 pronciscens
2670 4705 2836 4741 servis
2878 4705 2987 4740 suis
3014 4705 3150 4739 Dona
3184 4705 3428 4748 irauiun,
3458 4705 3579 4751 quia

2014 4705 2256 4811 ﬁdelibus
2299 4757 2497 4809 sanctis
2542 4755 2835 4823 spiritualia
2872 4754 3013 4823 dona
3061 4752 3340 4823 concessit.
3384 4752 3449 4805 Et
3490 4753 3579 4823 uni

2014 4825 2160 4880 dedit
2188 4826 2421 4892 quinque
2451 4821 2669 4885 talenta,
2719 4823 2807 4875 alii
2852 4822 2978 4884 duo,
3028 4821 3116 4892 alii
3162 4836 3289 4874 vero
3318 4822 3583 4892 commisit

2015 4890 2477 4960 unumIQuinque
2505 4892 2646 4946 enim
2680 4900 2804 4946 sunt
2831 4890 3072 4959 corporis
3100 4904 3304 4955 sensus,
3338 4890 3583 4960 videlicet

2014 4963 2181 5028 visus,
2213 4958 2452 5028 auditus,
2482 4970 2696 5029 gustus,
2725 4958 2980 5013 odoratus
3022 4968 3077 5012 et
3116 4966 3308 5029 tactus.
3340 4958 3583 5027 Quinque

2016 5027 2176 5098 igitur
2206 5033 2417 5087 talentis
2437 5027 2633 5085 donum
2663 5030 2899 5098 quinque
2926 5043 3195 5098 sensuum,
3229 5027 3388 5098 idest
3429 5038 3582 5082 exte-

2016 5096 2127 5155 rior
2149 5104 2372 5157 scientia
2419 5096 2753 5169 exprimitur,
2783 5096 2986 5152 duobus
3015 5112 3142 5150 vero
3184 5096 3507 5169 intellectus
3530 5107 3583 5151 et

2017 5173 2259 5240 operatio
2314 5165 2641 5238 designatur.
2670 5167 2859 5240 _Un_ius
2913 5165 3321 5240 autem_ta_le_nti
3367 5168 3583 5240 nomine

2017 5234 2318 5295 intellectus
2353 5234 2719 5295 tantummodo
2747 5236 3071 5303 designatur.
3102 5234 3205 5289 Sed
3232 5235 3277 5288 is
3306 5236 3395 5303 qui
3424 5237 3580 5304 quin-

2016 5324 2121 5377 que
2143 5312 2340 5364 talenta
2362 5315 2659 5377 acceperat,
2685 5306 2784 5377 alia
2807 5307 3039 5371 quinque
3066 5304 3298 5377 lucratus
3317 5314 3399 5359 est
3422 5323 3433 5356 :
3458 5305 3581 5372 quia

2016 5374 2254 5433 nonnulli
2283 5388 2407 5433 sunt
2440 5374 2559 5447 qui,
2598 5376 2695 5447 etsi
2726 5375 2931 5427 interna
2961 5389 3024 5427 ac
3051 5374 3273 5443 mystica
3300 5385 3583 5447 penetrare

2018 5452 2285 5511 nesciunt,
2317 5464 2413 5517 pro
2444 5442 2736 5524 intentione
2766 5452 2939 5524 tamen
2970 5442 3211 5524 superna:
3232 5444 3451 5524 patriai,
3480 5442 3582 5497 do-

2017 5527 2142 5572 cent
2179 5512 2333 5571 recta'
2362 5532 2477 5584 quae
2515 5521 2755 5584 possunt,
2802 5512 2868 5567 de
2909 5512 3035 5581 ipsis
3075 5512 3429 5584 exterioribus
3466 5526 3584 5580 qua

2018 5595 2337 5655 acceperunt
2353 5582 2627 5655 {dumque
2653 5597 2711 5637 se
2736 5598 2766 5635 a
2798 5584 2973 5637 carnis
2999 5582 3292 5655 petulantia
3309 5621 3323 5646 ,
3352 5596 3393 5655 a_
3411 5589 3580 5635 terre»

2017 5650 2204 5709 naruin
2257 5670 2433 5711 rerum
2467 5650 2713 5719 ambitu,
2765 5659 2927 5722 atque
2979 5651 3262 5707 visibilium
3309 5650 3583 5718 voluptate

429 5756 447 5773 '
475 5749 609 5808 Tota
640 5750 753 5805 hanc
778 5748 983 5818 phrasis
1007 5761 1196 5804 manca
1221 5746 1432 5804 videtur
1460 5762 1559 5802 nec
1582 5744 1736 5801 facile
1756 5743 1963 5799 restitui
1982 5745 2202 5813 posscti.
2235 5742 2386 5799 Enn.
