4138 6196
568 315 672 373 899

1437 308 1774 364 ΑΡΡΕΝΒΙΧ
1810 306 2087 364 ΟΡΕΒυΜ
2127 307 2184 363 S.
2224 306 2467 362 MAXIM!
2506 307 2968 368 TAURINENSIS.

3703 320 3810 377 900

559 426 812 485 stivitatis
849 435 904 482 et
947 423 1298 480 dedicationis
1340 421 1497 489 hujus
1542 421 1710 475 sancti
1755 419 1936 489 templi
1975 419 2133 489 beata
2162 428 2207 486 Α
2237 417 2467 489 stissime
2505 420 2780 475 declarant
2824 428 2986 488 atque
3037 419 3376 488 apertissime
3416 422 3807 482 demonstrant.

558 499 691 563 dies,
725 499 775 550 in
802 493 1282 563 qua‘fundamenta
1309 500 1363 563 et
1390 487 1835 563 pavimenta_sive
1864 497 2006 563 tecta
2025 487 2131 563 hu-

560 511 691 563 mes,
725 515 775 550 In
840 511 1280 549 lta‘luttuametlta
1309 511 1363 544 et
1391 511 1692 558 pavmtenta
1723 511 1835 542 Slve
1866 511 2002 542 teuta
2028 511 2131 541 uu-

560 568 642 635 ius
671 511 852 634 temptli
882 565 948 618 ab
974 564 1227 635 episcopo
1255 561 1445 614 divinis
1469 559 1801 635 orationibus
1830 567 1952 635 sunt
1978 557 2131 635 dedi-

561 626 699 700 cata,
743 626 798 688 ui
836 647 953 702 quae
983 626 1174 702 antea"
1195 630 1386 684 domus
1435 629 1744 702 vocabatur,
1793 626 2132 695 postmodum

560 696 782 758 ecclesia
824 696 890 754 ad
932 699 1258 754 adorandum
1287 707 1342 752 et
1373 696 1798 752 conveniendum
1830 703 2130 760 vocaretur,

561 781 821 840 quatenus
845 770 912 824 ad
939 784 1056 824 eam
1089 769 1342 840 religiose
1363 765 1762 828 convenientes,
1790 772 1844 818 et
1871 764 1923 840 iri
1953 779 2016 817 ea
2043 764 2133 832 pie

560 833 793 903 orantes,
821 840 1085 908 justorum
1119 833 1502 908 desideriorum
1543 849 1761 888 suorum
1801 833 1966 908 petita
2003 848 2131 902 per-

563 902 837 979 ciperent;
865 908 1182 979 veniamque
1221 907 1588 979 impetrarent,
1620 911 1674 979 e_t
1710 902 2131 979 consolationem

562 971 878 1039 invenirent,
903 985 956 1030 et
978 992 1009 1029 a
1031 971 1349 1042 vaniloquiis
1373 989 1468 1027 seu
1491 987 1522 1025 a
1542 972 1694 1024 vanis
1717 971 2132 1042 cogitationibus

558 1063 618 1101 se
657 1062 872 1116 semper
915 1048 965 1099 in
1012 1060 1076 1099 ea
1116 1040 1474 1116 custodirent;
1507 1040 1733 1116 oratienj
1764 1055 1976 1116 quoque
2005 1040 2133 1116 iusi-

561 1108 791 1177 sterent;
822 1130 983 1169 aures
1018 1113 1193 1168 cordis
1230 1121 1285 1166 et
1329 1111 1570 1179 corporis
1599 1110 1666 1162 ad
1693 1109 1976 1179 Dominum
2005 1108 2133 1161 diri-

561 1194 772 1252 gerent,
819 1183 1135 1250 Dominique
1181 1178 1626 1252 misericordianL
1657 1178 2030 1252 implorarent,
2077 1185 2132 1232 et

560 1246 770 1308 aeterna:
793 1263 912 1306 Vit-.c
938 1246 1150 1322 prminia
1185 1248 1550 1320 perciperent!
1584 1246 1768 1322 Tantae
1797 1247 1939 1322 enim
1969 1261 2134 1322 vene-

561 1324 786 1376 rationis
808 1315 962 1376 erant
984 1320 1124 1388 apud
1152 1315 1564 1389 patrcs'nostros
1583 1315 2134 1389 dedicatieneseccle-

562 1393 759 1446 siarum
787 1398 841 1445 et
869 1383 1232 1444 soleninitates
1261 1402 1466 1451 earum,
1496 1395 1706 1454 quantas
1739 1384 1901 1452 ipsius
1931 1383 2129 1454 Resur-

563 1461 814 1515 rectionis
838 1459 1045 1514 Domini
1071 1467 1126 1511 et
1153 1456 1474 1520 Nativitatis,
1506 1452 1599 1508 seu
1628 1452 1972 1506 Pentecostes
1994 1453 2128 1507 dies.

564 1531 693 1582 Nam
743 1529 980 1582 nonnulli
1019 1529 1189 1580 sancti
1230 1525 1430 1586 Patres,
1465 1531 1523 1577 ut
1561 1523 1802 1589 legimus,
1833 1530 2132 1589 quaerentes

564 1601 782 1668 pignora
813 1597 906 1652 SS.
939 1603 1229 1668 martyrum
1259 1595 1310 1646 in
1340 1609 1564 1668 quorum
1605 1591 1896 1668 honoribus
1923 1591 2133 1645 deside—

567 1659 752 1720 rabant
789 1668 985 1720 habere
1024 1659 1296 1727 ecclesias,
1326 1659 1420 1717 sed
1462 1677 1568 1715 non
1610 1659 1962 1722 invenientes,
1994 1675 2131 1727 quo-

567 1737 703 1790 niam
744 1751 841 1789 nec
878 1747 1331 1804 corpori-acorum
1377 1731 1547 1784 adhuc
1587 1729 2001 1804 inveritacrant,
2033 1744 2132 1784 nec

563 1806 813 1872 reliquias
841 1798 1025 1857 eorum
1054 1803 1556 1872 haberepoteraut;
1577 1798 1826 1872 _pr:cdicti
1855 1812 1982 1872 ergo
1999 1814 2132 1872 san-

562 1875 632 1928 cti
663 1868 848 1927 Patres
881 1881 1057 1925 tamen
1087 1868 1337 1924 ecclesias
1376 1868 1725 1930 fabricabant,
1765 1876 1819 1921 et
1857 1868 2047 1920 altaria
2078 1869 2130 1920 in

562 1944 642 1996 eis
668 1944 961 2009 erigebant,
1002 1948 1161 2008 atque
1199 1940 1251 2009 in
1283 1937 1586 2009 honoribus
1613 1951 1796 2009 eorum
1823 1945 2129 2009 sanctorum

561 2004 788 2079 quorum
812 2004 1186 2079 desiderabant
1211 2007 1410 2079 habere
1439 2005 1662 2074 pignora
1687 2004 1879 2079 divinis
1902 2005 2131 2079 cultibus

563 2074 618 2134 et
647 2082 890 2148 precibus
918 2077 1321 2132 consecrabant.
1361 2074 1571 2148 Pannos
1611 2088 1772 2142 super
1808 2074 1995 2148 altaria
2018 2075 2130 2141 jam

562 2141 772 2204 sacrata
819 2148 1115 2209 mittebant,
1159 2153 1213 2199 et
1255 2142 1593 2214 postmodum
1647 2141 1808 2214 super
1851 2141 2131 2197 defunctos

563 2219 851 2287 ponebant,
882 2219 973 2284 qui
1002 2223 1056 2269 et
1079 2217 1130 2268 in
1161 2212 1461 2287 nominibus
1481 2212 1759 2287 et_mcriti_s
1788 2227 1975 2287 eorum
2004 2227 2129 2264 san-

561 2281 769 2341 ctorum
817 2287 869 2340 in
900 2281 1145 2353 'quorum
1192 2283 1484 2337 honoribus
1531 2283 1643 2350 ipsa
1689 2281 1876 2353 altaria
1919 2292 2128 2353 sacrata

562 2365 735 2418 erant,
767 2350 952 2410 statim—
975 2354 1423 2407 resuscitabantur
1464 2356 1623 2418 atque
1650 2350 1764 2404 sani
1791 2360 1846 2404 ut
1874 2351 2020 2418 prius
2047 2350 2128 2404 ef-

564 2425 894 2478 ficiebantur.
926 2423 1050 2477 Ideo
1078 2431 1136 2476 ut
1163 2437 1249 2476 res
1281 2424 1324 2484 ',
1357 2435 1514 2474 nemo
1554 2427 1730 2488 potest
1759 2434 2010 2472 enarrare
2037 2427 2130 2473 aut

561 2495 797 2548 scribere
819 2501 1015 2560 quanta
1043 2491 1390 2546 veneratione
1417 2489 1920 2560 sacratatemplaet
1940 2489 2128 2560 altaria

564 2573 689 2615 sunt
717 2557 940 2616 colenda
981 2571 1036 2615 et
1074 2561 1409 2626 veneranda,
1450 2559 1517 2612 de
1555 2559 1744 2626 quibus
1771 2565 1826 2611 et
1855 2557 1906 2610 in
1935 2558 2127 2625 quibus

565 2632 675 2686 hazc
704 2640 758 2685 et
780 2630 1181 2684 innumerabilia
1213 2629 1464 2682 miracula
1492 2627 1756 2694 leguntur,
1781 2635 1836 2680 et
1870 2627 2125 2680 mirabili-

563 2710 645 2754 ter
681 2699 1105 2755 manifestissime
1141 2698 1590 2752 demonstrantur.
1617 2696 1824 2761 Quanta
1855 2696 1995 2749 enim
2024 2697 2126 2748 mi-

561 2771 740 2824 racula
780 2770 832 2823 in
872 2769 1297 2823 solemnitatibus
1339 2765 1733 2820 dedicationnm
1780 2765 2125 2819 ecclesiarum

560 2839 890 2894 mirabilibus
918 2837 1089 2891 modis
1123 2845 1178 2890 et
1215 2835 1660 2891 manifestissimis
1698 2834 1902 2888 indiciis
1934 2835 2128 2888 noStris

560 2908 888 2978 temporibus
916 2906 1277 2961 misericordia
1308 2905 1399 2978 Dei
1428 2911 1624 2978 aperte.
1639 2902 1794 2978 facta,
1825 2912 1880 2957 et
1903 2903 2127 2978 manile-

556 2971 1240 3050 stiséimegdemonstrata,”
1266 2971 1538 3050 nobisque
1572 2972 1868 3050 videntibus
1913 2971 2126 3050 prodita

557 3039 962 3110 ποῖ’Μῷωή
991 3060 1092 3097 nec
1119 3044 1372 3104 scribere,
1405 3039 1495 3094 aut
1518 3039 1758 3110 judicare
1780 3055 1904 3110 prae
1943 3039 2124 3110 multi-

557 3053 683 3106 noc;
807 3053 962 3110 mari
991 3060 1092 3097 nec
1119 3053 1372 3104 scribere,
1405 3053 1495 3094 aut
1518 3053 1758 3108 iudicare
1794 3055 1904 3108 prae
1943 3053 2124 3093 multi-

557 3053 1164 3186 ttidlwtaieolddcirco
1193 3120 1316 3186 sunt
1354 3110 1480 3164 totis
1519 3108 1722 3186 nisibus
1763 3108 2125 3186 dedicationes

556 3177 1188 3236 novarﬂ‘ecclesiarum
1217 3180 1328 3234 sive
1362 3177 1821 3233 reconciliationes
1856 3177 1922 3231 ab
1951 3179 2124 3231 omni-

555 3249 655 3308 bus
680 3249 918 3304 colendae
945 3250 1369 3315 eudevotissime
1406 3246 1739 3311 venerandae,
1781 3255 1840 3300 ut
1881 3247 2125 3302 similiter

557 3319 746 3373 futuris
777 3321 1105 3388 temporibus
1133 3319 1185 3388 in
1207 3319 1286 3373 eis
1312 3317 1398 3372 vel
1427 3333 1495 3388 eo
1529 3315 1928 3388 ampliusrﬁant,
1951 3324 2005 3368 et
2025 3332 2122 3370 no-

555 3403 675 3442 mcn
704 3386 912 3443 Domini
941 3387 1219 3456 magnifice
1248 3389 1300 3442 in
1325 3387 1529 3441 cunctis
1556 3386 1912 3456 progeniebus
1949 3392 2004 3438 et
2031 3398 2124 3456 ge:-

555 3459 920 3512 nerationibus
967 3454 1052 3511 ab'
1087 3458 1336 3512 omnibus
1387 3455 1690 3509 hominibus
1741 3455 2006 3508 laudetur.
2064 3454 2120 3508 Si

552 3535 731 3582 autem
771 3528 992 3595 gentiles
1025 3526 1387 3590 dedicationes
1415 3539 1600 3595 eorum
1623 3524 1904 3595 idolorpm
1934 3522 2121 3578 festive

554 3591 820 3660 colebant,
856 3605 910 3650 et
947 3596 1120 3649 adhuc
1147 3596 1340 3658 locum,
1371 3594 1510 3647 sicut
1543 3591 2033 3647 Nabuchodonosor
2066 3601 2120 3646 et

553 3665 622 3721 de
650 3667 766 3720 aliis
793 3665 1079 3736 gentilibus
1108 3666 1285 3736 multis
1313 3663 1524 3736 legitur,
1554 3670 1752 3732 quanto
1781 3661 1948 3728 magis
1970 3660 2122 3736 _Ch_ri-

552 3736 710 3788 stiani
740 3730 1109 3788 solemnitates
1137 3730 1528 3788 dedicatibnum
1549 3730 1851 3786 sanctarum
1874 3730 2121 3784 ecclesia-

551 3818 666 3856 rum
696 3805 892 3867 colere,
923 3811 978 3857 et
1015 3803 1400 3857 honorabiliter
1427 3801 1688 3866 venerari,
1725 3809 1778 3854 et
1807 3800 2120 3854 solemniter

549 3873 823 3927 celebrare
873 3873 1097 3934 debent,
1147 3873 1200 3924 in
1255 3873 1446 3940 quibus
1492 3879 1826 3940 sacramenta
1877 3870 2117 3940 corporis

549 3941 744 3994 Christi
793 3949 847 3994 et
891 3941 1164 4006 sanguinis
1197 3956 1228 3993 a
1258 3938 1623 3994 sacerdotibus
1652 3939 1842 3992 divinis
1869 3938 2116 4007 precibus

549 4009 924 4070 conficiuntur,
967 4016 1128 4078 atque
1175 4009 1281 4078 83
1325 4006 1831 4078 majorarrniracula
1871 4006 1936 4078 et
1964 4007 2112 4074 signa

549 4093 708 4146 quam
733 4079 782 4130 in
808 4077 960 4131 idolis
982 4075 1718 4146 gentlumfinnumerabiliter
1738 4075 1972 4146 quotidie
1995 4090 2116 4144 gra-

551 4143 870 4218 tia.Do_mini
910 4143 1240 4218 apertissime
1283 4145 1735 4218 demonstrantur.
1755 4143 1810 4198 ’0
1836 4143 2116 4218 quamve-

547 4215 780 4270 ncranda
811 4224 864 4269 et
887 4213 1262 4270 venerabiliter
1289 4213 1510 4270 colenda
1543 4222 1624 4267 est
1652 4213 2112 4270 sanctmfecclesim

547 4285 701 4339 istius
737 4284 1010 4340 hodierna:
1049 4283 1350 4338 festivitatis
1389 4283 1741 4346 consecratio,
1771 4284 1826 4339 in
1855 4298 1957 4351 qua
1986 4283 2114 4336 visi-

549 4361 664 4408 tant
708 4355 880 4424 angeli
921 4361 1140 4424 orantes
1169 4365 1223 4408 et
1256 4360 1557 4424 maerentes
1583 4359 1696 4405 toto
1732 4352 1895 4424 corde
1933 4351 2112 4424 Domi-

547 4440 692 4487 num,
732 4421 796 4478 et
826 4422 1142 4478 mirabiliter
1187 4421 1517 4490 protegendo
1563 4421 1885 4486 custodiunt,
1930 4429 1989 4490 ut
2036 4422 2109 4474 ait

584 4495 805 4550 rODheta
844 4510 857 4544 :

545 4509 805 4563 propheta
844 4510 857 4544 :
899 4509 963 4545 ut
1005 4509 1274 4557 conspectu
1321 4509 1620 4560 angelorum
1665 4509 1880 4559 psauam
1921 4509 2030 4552 um,
2062 4509 2109 4542 ct

541 4561 822 4632 conﬁtebor
849 4562 1042 4632 nomini
1069 4568 1154 4632 tuo
1182 4559 1352 4632 (Paul.
1395 4559 1657 4632 cxxxvn)_!
1691 4557 1734 4609 Ο
1759 4573 1917 4632 quam
1946 4575 2111 4632 vene-

542 4627 739 4708 rendus
770 4632 918 4708 locus
955 4627 1489 4708 Dominp'dedicatus
1525 4634 1608 4682 est
1635 4629 1752 4708 iste,
1785 4627 1837 4679 in
1859 4643 1972 4708 quo
2001 4628 2110 4708 spi-_-

539 4702 675 4756 ritus
695 4700 958 4763 caelestes,
985 4698 1157 4765 angeli
1178 4709 1391 4765 quoque
1412 4705 1572 4764 atque
1592 4696 1914 4762 archangeli,
1931 4697 2106 4750 throni

539 4778 595 4824 et
614 4769 1022 4831 dominationes,
1046 4766 1376 4837 principatus
1397 4775 1450 4821 et
1470 4775 1782 4835 potestates,
1806 4766 1895 4837 diu
1922 4775 2108 4837 noctu-

538 4851 643 4905 que
686 4843 1014 4893 inccssanter
1049 4834 1338 4906 penetrant
1377 4834 1722 4904 spiritualiter
1766 4836 1928 4906 corda
1973 4834 2104 4906 ﬁde-

539 4907 686 4970 lium,
719 4905 1148 4976 cunctosque’ad
1187 4906 1325 4960 bene
1363 4906 1622 4976 agendum
1653 4913 1781 4976 nutu
1815 4905 1996 4976 divino
2027 4905 2108 4957 in-

539 4978 754 5043 stigant,
788 4973 1037 5046 atque'ad
1069 4983 1353 5043 perpetuas
1377 4973 1702 5046 aeternitates
1731 4973 2028 5046 instigande
2051 4981 2107 5026 ct

535 5041 1128 5116 comitando,'persazpe
1155 5041 1369 5116 quoque
1395 5043 1658 5116 visitando
1689 5050 1742 5095 et
1768 5041 2105 5116 concorditer

471 5128 474 5132 ‘
537 5111 1206 5168 custodiendolleducurit!
1239 5112 1503 5178 Quantum
1534 5111 1674 5166 enim
1715 5111 1901 5164 melius
1941 5113 2010 5165 sit
2049 5113 2104 5165 in

535 5182 774 5236 ecclesiis
802 5183 912 5237 Deo
937 5183 1124 5237 dicatis
1153 5197 1307 5236 orare
1333 5192 1387 5235 et
1415 5180 1671 5237 sacrificia
1701 5179 1912 5250 offerre,
1945 5196 2104 5250 quam

535 5251 586 5304 in
617 5251 734 5304 aliis
761 5250 892 5304 locis
922 5265 1026 5304 non
1058 5253 1403 5314 consecratis,
1443 5253 1492 5304 in
1537 5249 1780 5320 precibus
1809 5247 2102 5320 dedicatio-

536 5321 617 5391 nis
644 5320 894 5391 ecclesize
908 5321 1222 5386 ostenditur,
1245 5329 1298 5377 et
1320 5323 1432 5391 ipsa
1452 5321 1598 5388 signa
1623 5335 1684 5372 ac
1705 5319 1957 5391 miracula
1985 5334 2102 5391 qua:

535 5389 585 5440 in
618 5390 696 5442 eis
734 5389 987 5444 divinitus
1025 5391 1269 5458 precibus
1307 5388 1492 5444 eorum
1535 5397 1840 5442 sanctorum
1880 5388 2009 5441 liunt
2047 5390 2102 5442 in

534 5471 762 5523 quorum
804 5459 1075 5512 memoriis
1103 5467 1158 5512 et
1193 5460 1485 5515 honoribus
1513 5458 1842 5524 dedicantur,
1874 5458 2097 5513 manife-

603 5603 624 5624 ⁶
653 5599 861 5667 Aliquid
893 5598 1079 5654 deesse
1119 5600 1351 5667 videtur;
1401 5611 1492 5656 aut
1535 5613 1682 5657 certe
1718 5602 1877 5657 verba
1923 5611 1978 5654 ut
2011 5616 2093 5654 res

535 5669 848 5725 redundant.
884 5667 1033 5722 Enn.

2158 1782 2205 1841 B

2234 487 2364 553 Quis
2384 496 2560 562 autem
2582 504 2817 562 uri-quam
2839 487 3050 562 inlocis
3072 487 3184 562 non
3213 494 3540 547 consecratis
3564 501 3643 548 tot
3661 493 3806 562 signa

2235 565 2292 611 et
2329 558 2584 630 miracula
2627 557 2742 630 fieri
2763 558 2900 630 vidit
2918 558 3063 630 sicut
3091 559 3142 612 in
3164 561 3491 630 consecratis
3520 569 3574 616 et
3603 563 3671 615 ab
3696 557 3809 630 ἐμὶ-

2234 628 2409 695 scopis
2435 634 2489 680 et
2515 627 2878 681 sacerdotibus
2901 626 3094 681 divinis
3120 629 3370 696 precibus
3395 630 3694 686 dedicatis?
3721 626 3806 686 Di-

2233 704 2320 749 cat
2337 711 2586 767 namque,
2607 697 2652 750 si
2673 696 2804 759 vult,
2829 696 3038 767 aliquis,
3055 703 3115 750 ut
3139 698 3527 767 respondeatur
3551 701 3657 766 illi;
3683 710 3737 756 et
3763 705 3808 758 si

2234 779 2339 836 non
2364 764 2488 818 vult
2505 764 2700 836 dicere,
2742 765 3044 836 erubescat,
3075 767 3129 818 in
3168 764 3483 836 perpetuum
3526 764 3702 824 sileat.
3752 771 3806 826 Si

2233 834 2376 908 enim
2413 849 2521 887 non
2549 835 2678 898 vult,
2705 849 2805 888 nec
2832 834 2991 908 valet,
3030 834 3353 908 (πειρῶ-ἐοι-
3385 837 3605 908 habens,
3647 841 3806 908 spiri-

2233 903 2448 972 tualiter
2474 915 2816 970 cognoscere,
2844 903 3031 972 saltem
3060 919 3090 957 a
3119 905 3285 972 signis
3305 912 3358 959 et
3379 907 3558 962 multis
3578 903 3808 963 miracu-

2236 970 2299 1024 lis
2341 986 2459 1046 qua:
2505 972 2558 1046 in
2606 973 2683 1027 eis
2711 972 2961 1046 divinirus
2986 971 3120 1046 fiunt
3146 970 3453 1046 cognoscat.
3504 976 3608 1030 Sed
3656 979 3804 1046 signa

2233 1049 2287 1092 et
2312 1041 2588 1110 miracula,
2618 1049 2678 1094 ut
2697 1043 2828 1110 ipsa
2877 1041 3086 1095 Veritas
3113 1043 3207 1107 ait,
3226 1041 3350 1097 non
3391 1053 3513 1098 sunt
3544 1041 3802 1110 fidelih'us,

2231 1108 2326 1162 sed
2354 1108 2668 1163 infidelibus.
2695 1109 2868 1163 Unum
2897 1118 3075 1163 autem
3106 1112 3157 1164 in
3199 1112 3446 1167 domibus
3485 1123 3540 1168 et
3567 1108 3806 1172 ecclesiis

2232 1193 2338 1230 non
2364 1179 2583 1232 sacratis
2603 1193 2762 1245 agere
2789 1194 2893 1230 non
2919 1179 3250 1247 prohibetur,
3273 1183 3414 1235 aliud
3439 1199 3565 1238 vero
3590 1186 3806 1240 minime

2232 1247 2563 1334 cenceditur.
2599 1248 2710 1300 Non
2723 1248 3048 1334 lprobibetur
3074 1251 3214 1334 enirn
3245 1266 3404 1304 orare
3434 1253 3646 1320 ubique,
3671 1270 3805 1334 (ιμο-

2233 1316 2373 1390 riiam
2400 1315 2656 1390 Dominus
2685 1317 2882 1390 ubique
2909 1326 3110 1390 oratur,
3139 1326 3193 1372 et
3220 1333 3248 1371 a
3279 1315 3802 1390 recte‘qnzerentibus

2233 1385 2659 1461 itivetiitur,_sed
2690 1385 2742 1437 in
2773 1381 3013 1461 ecclesiis
3048 1389 3375 1461 consecratis
3413 1381 3593 1444 nostra
3637 1395 3801 1461 petita

2231 1454 2439 1530 sacpius,
2465 1461 2522 1506 ut
2551 1454 2648 1522 ipsi
2677 1455 3049 1530 cognoscimus
3074 1464 3129 1530 et
3166 1458 3536 1530 experimento
3568 1454 3802 1530 persmpe

2231 1521 2527 1592 didicimus,
2559 1521 2882 1592 percipimus
2909 1539 3068 1592 quam
3106 1525 3159 1578 in
3195 1521 3312 1579 aliis
3343 1543 3447 1581 non
3478 1521 3803 1587 consecratis

2233 1591 2383 1655 locis,
2415 1591 2554 1645 sicut
2588 1591 3031 1646 manifestissimis
3060 1594 3265 1648 indiciis
3293 1595 3344 1648 in
3374 1598 3556 1651 multis
3584 1599 3803 1655 infirmis

2231 1668 2286 1713 et
2315 1661 2654 1735 {initiantibus
2680 1661 3001 1735 declaratur.
3031 1661 3089 1716 In
3116 1663 3580 1735 ecclesiisrquippe
3604 1678 3658 1721 et
3683 1685 3804 1722 ora-

2234 1730 2385 1782 toriis
2416 1729 2526 1799 Deo
2553 1730 2742 1784 dicatis
2778 1731 3068 1799 sepissime
3105 1729 3344 1787 videmus
3391 1729 3562 1789 eiectis
3606 1738 3801 1792 illumi-

2233 1799 2368 1876 nari,
2392 1798 2610 1876 claudes
2641 1798 2934 1876 reformari,
2963 1800 3204 1876 lepresos
3226 1803 3490 1876 mundari,
3518 1815 3571 1858 et
3601 1808 3803 1876 reliqua

2233 1866 2637 1936 innumerabilia
2666 1869 2813 1936 signa
2835 1866 3263 1924 manifestissime
3290 1869 3434 1936 ﬁeri;
3462 1875 3512 1927 in
3535 1877 3654 1929 aliis
3675 1866 3800 1931 vero

2231 1936 2365 2006 locis
2380 1935 2524 2006 ,hmc
2572 1953 2676 1991 non
2727 1935 2798 1991 ita
2844 1938 3141 2006 reperimus
3180 1938 3328 2004 ﬁeri,
3375 1935 3477 1995 nisi
3517 1943 3802 2001 devotione

2232 2005 2412 2068 eundi,
2442 2013 2535 2058 aut
2564 2006 2817 2061 redeundi
2848 2005 2917 2060 ad
2952 2015 3136 2062 sancta
3169 2009 3305 2074 loca,
3338 2020 3430 2064 aut
3460 2012 3510 2065 in
3539 2014 3680 2068 bona
3709 2015 3802 2070 det

2231 2074 2447 2146 votio_ne
2476 2075 2842 2146 permanendi.
2865 2075 3136 2146 Sacrificia
3164 2092 3292 2146 ergo
3321 2079 3534 2145 offerre,
3565 2092 3657 2136 aut
3677 2100 3799 2138 cor-

2229 2158 2331 2212 pus
2359 2143 2851 2216 Dominiconiicere
2881 2145 3024 2216 nullo
3051 2147 3210 2200 modo
3233 2143 3456 2216 legimus
3476 2143 3569 2205 aut
3595 2153 3800 2207 veraci-

2230 2220 2312 2265 ter
2337 2213 2534 2266 scimus
2565 2214 2620 2266 in
2653 2214 2770 2268 aliis
2798 2213 2929 2268 locis
2953 2214 3096 2282 juste
3136 2213 3402 2282 lieri,vnisi
3443 2220 3496 2273 in
3535 2221 3665 2275 locis
3690 2221 3800 2276 Deo

2230 2282 2296 2335 ab
2323 2282 2586 2350 cpisc0pis
2607 2282 2813 2346 dicatis,
2844 2284 2944 2337 nisi
2964 2299 3121 2338 causa
3137 2283 3444 2340 hostilitatis
3469 2298 3560 2342 aut
3582 2306 3798 2345 summa:

2229 2352 2590 2415 necessitatis;
2621 2359 2674 2405 et
2700 2353 2799 2407 lloc
2827 2368 2934 2407 non
2963 2353 3016 2405 in
3040 2356 3400 2410 mansionibus
3429 2366 3522 2411 aut
3550 2360 3600 2412 in
3630 2359 3799 2414 domi-

2227 2419 2328 2474 bus
2374 2436 2480 2474 non
2510 2422 2764 2484 sacratis,
2810 2421 2906 2476 sed
2949 2423 3003 2475 in
3051 2423 3402 2480 tabernaculis
3439 2427 3694 2483 dedicatis
3731 2431 3797 2484 ab

2229 2489 2489 2570 episcopis
2510 2499 2563 2544 et
2590 2491 2844 2570 altaribus
2872 2506 2902 2544 a
2931 2491 3268 2570 pentificibus
3303 2508 3455 2570 sacra
3488 2497 3796 2570 innnctionc

2229 2559 2476 2624 inunctis,
2525 2574 2555 2613 a
2605 2559 2796 2614 divinis
2843 2559 3088 2628 precibus
3133 2567 3479 2620 consecratis.
3517 2565 3628 2621 Hoc
3671 2583 3796 2623 vero

2227 2642 2432 2702 summa
2476 2643 2544 2682 ex
2581 2630 2898 2702 necessitate
2944 2638 2999 2683 et
3023 2631 3228 2702 itinere
3264 2635 3448 2702 procul
3479 2635 3547 2688 ab
3574 2637 3796 2692 ecclesia

2227 2697 2433 2764 positis,
2466 2712 2533 2751 ne
2565 2699 2792 2767 populus
2820 2699 2934 2753 sine
2963 2700 3239 2754 missarum
3266 2697 3604 2758 solemnitate
3633 2715 3685 2759 et
3713 2723 3798 2760 sa-

2227 2767 2486 2837 cramenti
2523 2769 2762 2836 corporis
2806 2775 2859 2822 et
2899 2770 3171 2837 sanguinis
3219 2770 3428 2826 Domini
3472 2776 3639 2827 nostri
3672 2774 3793 2829 Jcsu

2226 2833 2420 2909 Christi
2445 2833 2785 2909 perceptione
2808 2833 3102 2909 remaneat,
3117 2840 3195 2909 ab
3223 2841 3453 2909 antiquis
3475 2840 3721 2899 Patribus
3741 2856 3793 2899 et

2226 2905 2423 2982 sanctis
2442 2905 2930 2982 rpracdeeesseribus
2958 2908 3156 2962 nostris
3200 2905 3365 2982 nulla'
3388 2911 3595 2982 aliarex
3635 2929 3791 2967 occa-

2225 2974 2376 3026 sione
2401 2981 2560 3050 atque
2587 2974 2815 3043 pigritia,
2842 2990 2937 3030 seu
2969 2977 3518 3050 prmsumptione,sed
3541 2983 3791 3050 pnedicta

2227 3043 2897 3120 necessitateuconcessum
2935 3043 3053 3120 esse
3093 3043 3332 3114 legimus.
3359 3049 3526 3103 Aliter
3542 3043 3791 3120 'quoque,

2227 3110 2326 3163 nisi
2354 3119 2411 3165 ut
2441 3112 2716 3180 prtelixum
2743 3120 2826 3167 est
2855 3114 2908 3167 in
2935 3115 3067 3169 locis
3095 3110 3201 3169 non
3237 3110 3792 3175 consecratis-missa:-

2225 3193 2341 3233 rum
2370 3181 2625 3251 solemnia
2654 3195 2812 3249 agere
2839 3199 2944 3237 non
2971 3183 3115 3251 licet,
3138 3192 3192 3238 et
3220 3185 3320 3240 hoc
3352 3186 3452 3240 nisi
3479 3204 3543 3242 ex
3571 3190 3794 3245 summis

2224 3256 2280 3326 et
2302 3250 2563 3326 przedictis
2584 3252 2990 3326 necessitatibus
3013 3251 3126 3307 ficri
3148 3254 3292 3326 nul'o
3311 3256 3470 3311 modo
3493 3258 3635 3316 licet.
3658 3273 3792 3326 quo-

2224 3319 2365 3392 niam
2396 3319 2481 3392 lex
2509 3319 2681 3392 divina
2712 3321 2998 3392 admodum
3028 3323 3340 3392 praecipiens
3368 3327 3443 3378 ait
3473 3328 3488 3358 ¹
3521 3345 3534 3379 :
3576 3319 3704 3381 Vide
3728 3345 3792 3382 ne

2223 3388 2851 3468 aﬂerasrhgloceustajua
2889 3391 2942 3443 in
2972 3388 3110 3468 antri!
3139 3388 3268 3458 loco,
3299 3395 3389 3468 sed
3403 3397 3469 3468 in
3505 3397 3618 3468 ιρι-ο
3647 3415 3791 3468 quem

2221 3457 2428 3528 elegerit
2457 3456 2705 3528 Dominus
2729 3458 2870 3512 Deus
2902 3468 3013 3514 tuus
3045 3461 3219 3528 (Deut.
3252 3456 3369 3523 xu).
3403 3463 3469 3516 Et
3492 3465 3618 3520 alibi
3645 3456 3786 3518 ξηε-

2221 3536 2298 3601 etc
2325 3527 2494 3601 oﬂ‘ert,
2522 3527 2614 3601 sed
2641 3538 2904 3601 n_on_recte
2932 3529 3112 3601 dividit
3141 3529 3348 3597 (Cenes.
3385 3536 3477 3601 tv).
3511 3533 3674 3589 Recte
3703 3534 3788 3588 of-

2219 3594 2322 3671 fert
2348 3596 2437 3671 qui
2475 3597 2542 3650 ad
2569 3597 2847 3671 ecclesiam
2895 3594 3658 3671 necessita'te_pmaoccupante
3697 3611 3790 3658 aut

2221 3664 2544 3738 infirmitate,
2571 3665 2754 3738 venire
2779 3681 2886 3720 non
2915 3675 3110 3738 potest,
3140 3664 3330 3738 βάξει
3357 3664 3512 3726 ιιῠὶιιό
3532 3673 3620 3726 ubi
3653 3673 3788 3727 Deus

2219 3733 2507 3812 adoraturi
2539 3734 2633 3812 sed
2668 3750 2775 3788 non
2813 3733 2960 3789 recte
2990 3733 3188 3812 _d.vid_it
3220 3733 3315 3806 qui
3359 3740 3410 3793 in
3460 3741 3591 3812 locis
3635 3742 3788 3795 illici-

2218 3804 2288 3856 tis
2333 3812 2387 3856 et
2440 3804 2656 3857 minime
2704 3807 3031 3860 consecratis
3073 3804 3348 3862 missarum
3395 3809 3787 3866 celebrationes

2216 3872 2440 3940 peragit.
2471 3872 2635 3926 Multo
2663 3874 2852 3928 melius
2873 3882 2957 3928 est
2980 3875 3168 3929 missas
3195 3892 3301 3930 non
3329 3887 3545 3933 cantare
3573 3888 3668 3933 aut
3691 3895 3785 3935 au-

2216 3941 2349 4002 dire,
2382 3956 2541 4010 quam
2570 3941 2623 3995 in
2648 3941 2781 3996 locis
2803 3942 2997 3997 illicitis
3021 3945 3205 3998 missas
3224 3955 3440 4001 cantare
3463 3958 3557 4002 aut
3578 3948 3782 4004 audire.

2215 4010 2478 4082 Quoniam
2516 4011 2606 4078 qui
2635 4011 2815 4082 illicita
2846 4013 2955 4082 agit
2986 4020 3041 4067 et
3076 4014 3342 4082 prohibita
3374 4014 3498 4070 facit
3527 4033 3634 4071 non
3663 4033 3786 4072 mo-

2214 4080 2401 4152 dicum
2438 4087 2600 4152 errat,
2647 4088 2702 4134 et
2742 4079 2903 4152 nimis
2947 4079 3151 4151 peccat.
3183 4082 3249 4136 Et
3277 4086 3375 4138 nisi
3409 4087 3783 4152 pmnitentiam

2213 4149 2470 4203 canonice
2496 4159 2549 4222 et
2571 4149 2712 4222 juste
2741 4149 2793 4203 in
2823 4151 2925 4222 hoc
2950 4149 3145 4222 saeCulo
3172 4167 3238 4206 ex
3267 4154 3369 4208 hoc
3396 4149 3585 4222 egerit,
3617 4157 3786 4210 maxi-

2213 4233 2351 4292 rnatu
2378 4219 2876 4292 eondemnationem
2907 4221 2959 4292 in
2993 4219 3170 4292 futuro
3204 4222 3403 4289 judicio
3431 4219 3654 4292 propter
3681 4226 3786 4280 hoc

2213 4287 2570 4342 indubitanter
2604 4288 2880 4357 percipiet.
2913 4289 3074 4342 Multa
3114 4287 3240 4344 vero
3282 4299 3337 4345 et
3377 4287 3784 4348 innumerabilia

2212 4357 2452 4424 exempla
2486 4372 2551 4410 ex
2581 4357 2664 4410 his
2703 4358 2754 4410 in
2795 4359 3112 4480 suﬁradictis
3155 4360 3426 4427 legalibus,
3476 4370 3530 4416 ct
3570 4364 3623 4417 in
3664 4365 3785 4418 aliis

2212 4426 2483 4479 canonicis
2511 4433 2564 4479 et
2591 4425 2784 4480 divinis
2823 4427 2860 4480 li
2900 4427 2970 4480 ris
3011 4430 3368 4480 inveniuntur-
3398 4447 3517 4480 mm
3559 4433 3644 4480 hic
3683 4448 3785 4480 om

2212 4426 2483 4502 canunicis
2511 4425 2784 4502 et__divi_nis
2823 4425 2970 4502 libris
3011 4425 3382 4502 inveniuntur,
3398 4447 3517 4502 quae
3559 4433 3644 4486 hic
3683 4448 3785 4502 pro

899 4492 985 4568 1ηΔ
1005 4489 1274 4568 censpecttt
1321 4490 1621 4568 engelorum
1645 4491 1880 4568 .piatlam
1921 4489 2030 4552 tibi,
2062 4498 2110 4542 ct
2141 4494 2188 4551 ι)
2213 4495 2516 4568 prolixitate
2544 4495 2844 4568 distulimus
2875 4497 3129 4568 inserere,
3156 4506 3212 4568 et
3232 4515 3329 4568 pro
3356 4489 3572 4555 fastidio
3599 4518 3664 4556 ac
3684 4489 3782 4555 ἰλ-

2214 4563 2343 4632 bore
2388 4564 2704 4632 scriptorum
2743 4565 2856 4619 sive
2887 4566 3145 4619 lectorum
3175 4563 3261 4621 hic
3301 4584 3406 4622 non
3437 4570 3780 4626 insernimus.

2213 4630 2355 4706 Nam
2371 4633 2416 4686 si
2454 4630 2572 4706 quis
2619 4642 2674 4686 et
2717 4636 2925 4706 petiora
2957 4645 3027 4706 et
3067 4636 3219 4706 plura
3259 4641 3500 4706 exempla
3541 4639 3784 4694 invenire

2213 4699 2495 4775 desiderat,
2541 4703 2592 4755 in
2640 4699 2868 4775 praeﬁxis
2917 4699 3086 4775 libris-
3108 4699 3433 4761 sufficienter
3468 4708 3694 4775 legendo
3726 4718 3784 4764 et

2213 4770 2492 4842 diligenter
2513 4770 2797 4842 qumrendo
2820 4773 3055 4827 invenire
3079 4778 3293 4842 poterit.
3329 4777 3490 4831 Nobis
3517 4770 3700 4831 autem
3727 4780 3780 4832 in

2213 4839 2500 4916 praelibatis
2543 4841 2800 4909 exemplis
2837 4839 3126 4916 credendo,
3167 4853 3221 4896 et
3259 4848 3539 4916 pneceptis
3569 4846 3780 4905 Domini

2211 4908 2526 4979 obediendo.
2558 4908 2970 4979 sanctorumque
3013 4911 3224 4966 Patrum
3260 4908 3473 4969 decreta
3516 4932 3624 4969 non
3664 4918 3780 4970 vioc

2212 4976 2461 5053 lando__et
2490 4979 2671 5053 illicita
2699 4976 3172 5053 vitando,_suiiicit.
3217 4981 3272 5035 In
3315 4985 3611 5053 canonibus
3649 5001 3777 5053 ergo

2209 5046 2508 5130 supradicta
2554 5049 2710 5130 valde
2751 5050 3020 5130 prohibita
3055 5066 3088 5130 _a
3132 5053 3328 5130 sanctis
3358 5051 3606 5108 Patribus
3647 5046 3778 5130 legi-

2207 5130 2341 5194 mus,
2369 5123 2423 5194 et
2452 5131 2610 5194 agere
2639 5119 2965 5194 illicitaesse
2993 5121 3209 5173 scimus.
3241 5121 3407 5194 Nemo
3436 5139 3567 5193 ergo
3596 5119 3774 5194 prohi-

2206 5184 2313 5237 bita
2344 5186 2544 5260 absque
2569 5188 3203 5260 inevitabilinecessitate
3236 5189 3411 5253 faciat,
3441 5184 3567 5260 quia
3595 5184 3689 5249 nisi
3718 5208 3775 5248 se

2206 5258 2498 5327 correxerit
2543 5265 2597 5310 ct
2625 5272 2739 5327 per
2784 5257 3195 5312 satisfactionem
3237 5257 3621 5327 emendaverit,
3663 5263 3773 5316 sine

2208 5331 2354 5376 certa
2403 5323 2742 5379 damnatione
2781 5342 2887 5381 non
2931 5329 3244 5382 remanebit.
3290 5329 3357 5382 Et
3392 5345 3552 5384 nemo
3588 5323 3767 5386 contra

2208 5393 2519 5514 grophetas,
2549 5402 2642 5447 aut
2668 5404 2854 5449 contra
2891 5395 3199 5462 Evangelia,
3229 5406 3319 5451 aut
3347 5411 3532 5453 contra
3559 5400 3766 5454 decreta

2249 5459 2305 5514 S.
2356 5459 2589 5514 Patrum.
2621 5463 2744 5514 facit
2784 5465 2984 5514 absque
3027 5466 3284 5514 nericuln-
3311 5466 3598 5514 Videamus
3625 5483 3762 5514 ergo-

2249 5459 2320 5515 S.’
2356 5459 2589 5530 Patrum,
2621 5463 2744 5518 facit
2784 5465 2984 5532 absque
3027 5459 3284 5534 periculo.
3311 5466 3598 5525 Videamus
3625 5483 3762 5536 ergo,

2272 5605 2289 5634 ‘
2321 5604 2544 5674 Vulgata
2569 5607 2697 5675 legit
2727 5625 2741 5660 :
2773 5605 2904 5663 Cave
2925 5622 2989 5662 ne
3001 5605 3188 5675 o/feras
3209 5607 3507 5661 holocausta
3536 5614 3758 5673 tua,etc.
