4138 6196
357 317 455 372 901

1774 315 2003 371 SERMO
2044 314 2223 369 XXVI.

3506 312 3615 371 902

356 435 556 490 fratres
583 430 866 497 carissnm.,
893 445 961 485 ne
985 438 1171 485 contra
1201 438 1399 483 statuta
1420 428 1514 482 SS.
1542 426 1757 481 Patrum
1778 426 1932 481 facia-
1960 433 2007 489 Α
2035 429 2196 494 guine
2226 440 2324 497 suo
2356 424 2601 497 redemit,
2634 424 2803 477 multo
2846 424 3013 490 magis
3050 422 3418 497 cumlaudare
3444 425 3611 483 debe-

357 520 501 558 mus.
531 502 822 556 Curramus
843 514 974 567 ergo
1001 500 1066 552 ad
1098 500 1350 553 ecclesias
1389 498 1497 551 Deo
1526 497 1747 560 dicatas,
1775 506 1829 550 et
1856 497 1930 550 ibi

358 587 599 635 oremus,
644 569 823 638 ibique
868 569 1242 629 sacrificemus,
1285 576 1544 638 quatenus
1589 574 1932 636 peccatorum

358 652 674 695 nostrorum
702 636 1068 691 remissionem
1096 638 1224 690 inibi
1255 636 1625 703 percipiamus,
1655 644 1710 689 et
1741 650 1936 690 conso-

356 712 621 784 lationem
649 706 941 784 denostris
969 706 1341 784 anxietatibus,
1374 705 1782 784 deprecantibus
1809 704 1939 784 ipsis

356 770 563 834 sanctis
589 777 683 845 qui
708 776 777 829 ibi
815 776 1083 845 coluntur,
1117 770 1467 841 inveniamus,
1493 783 1550 845 ut
1573 781 1755 828 nostra
1780 770 1941 826 mini-

356 850 525 903 steria
554 843 619 900 in'
635 845 861 900 sacratis
886 843 1016 897 locis
1037 844 1229 911 justius
1260 850 1317 894 et
1340 844 1573 897 sanctius
1602 856 1937 911 peragamus,

360 933 433 970 ne
474 923 890 982 contemptores,
924 912 1017 965 sed
1064 913 1373 966 obedientes
1414 914 1691 982 praeceptis
1729 911 1937 982 Domini

358 979 718 1039 inveniamur.
770 981 1102 1036 Festinemus
1150 990 1326 1035 autem
1381 979 1605 1035 currere
1641 981 1835 1034 devote
1873 979 1940 1033 ad

359 1054 643 1119 ecclesias,
690 1052 1034 1117 colamusque
1069 1050 1445 1103 venerabiliter
1473 1065 1659 1119 earum,
1683 1049 1937 1113 enczcnia,

360 1131 429 1177 et'
446 1123 576 1175 totis
606 1121 808 1173 nisibus
850 1119 1125 1172 laudemus
1163 1119 1445 1171 Dominum
1480 1119 1533 1172 in
1560 1118 1817 1172 hodierna
1844 1119 1939 1171 de-

360 1192 651 1246 dicationis
682 1188 987 1251 festivitate,
1031 1196 1087 1239 ut
1123 1188 1345 1253 gratiam
1384 1186 1479 1241 Dei
1510 1188 1730 1256 adipisci
1759 1188 1939 1239 valea-

361 1258 687 1336 musszarn
729 1258 1159 1336 antiquikpatres
1212 1257 1379 1336 nostri
1425 1257 1624 1336 templa
1675 1256 1941 1336 destructa

306 1392 313 1397 _
360 1327 781 1387 retedilicahaut,
817 1336 871 1378 et
915 1326 1101 1378 altaria
1145 1332 1353 1378 vetusta
1390 1326 1506 1397 _sive
1546 1326 1820 1397 imminuta
1858 1340 1942 1377 re-

360 1398 713 1459 staurabant,
757 1408 1050 1462 eorumque
1103 1395 1536 1448 consecrationes
1588 1394 1842 1449 decenter
1888 1402 1942 1446 et

360 1466 682 1521 solemniter
710 1464 888 1517 multis
920 1464 1021 1515 sibi
1046 1462 1205 1517 sociis
1235 1463 1653 1516 convocantibus
1678 1470 1732 1515 et
1760 1462 1941 1514 adhm-

362 1537 610 1589 rentibus
654 1533 996 1587 devotissime
1043 1532 1288 1598 agebant,
1343 1532 1561 1599 ipsaque
1605 1531 1698 1584 Dei
1745 1530 1941 1598 templa

362 1605 584 1658 coronis
611 1603 787 1655 aureis
817 1600 1098 1663 ornabant,
1123 1608 1177 1653 et
1206 1602 1317 1668 ipsa
1347 1601 1532 1653 altaria
1554 1616 1684 1653 auro
1708 1600 1943 1668 mundis-

363 1674 504 1726 simo
547 1680 601 1725 et
641 1670 863 1738 gemmis
908 1667 1308 1738 pretiosissimis
1349 1668 1690 1723 decorabant.
1742 1667 1940 1720 Eorum

363 1744 528 1809 igitur
549 1741 691 1793 bono
718 1739 914 1809 studio,
939 1739 1050 1809 sive
1069 1738 1464 1809 promptissima
1485 1738 1759 1809 voluntate
1781 1738 1940 1809 etiam

367 1806 605 1879 parietes
627 1824 757 1879 auro
779 1807 1063 1875 purissimo
1090 1806 1434 1879 fabricabant,
1459 1816 1511 1859 et
1532 1807 1940 1879 tamlaqucaria

364 1875 529 1948 quam
558 1886 611 1931 et
638 1878 962 1948 pavimenta,
993 1892 1087 1928 seu
1116 1875 1271 1937 ostia,
1310 1891 1441 1929 auro
1480 1875 1828 1948 mundissimo
1857 1876 1940 1948 in—

364 1945 701 2002 staurabant.
734 1946 1102 2013 Dedicationes
1138 1959 1366 2013 namque
1392 1945 1710 2012 templorum
1741 1945 1793 1996 in
1819 1945 1942 2010 qui-

363 2020 468 2070 bus
499 2017 734 2069 divinnm
765 2015 990 2081 agebant
1015 2012 1244 2067 officium
1275 2028 1370 2080 per
1407 2020 1532 2066 octo
1569 2013 1683 2066 dies
1714 2028 1941 2066 venera-

364 2086 547 2139 biliter
576 2092 629 2138 et
653 2092 836 2137 sancte
862 2083 1100 2136 viventes
1124 2082 1538 2148 venerabantur,
1567 2091 1621 2135 et
1642 2082 1693 2134 in
1721 2082 1798 2135 eis
1819 2089 1943 2135 octo

365 2151 556 2207 diebus
600 2167 813 2220 semper
859 2151 1087 2222 hymnis,
1127 2151 1468 2222 et_cantic_is,
1500 2158 1554 2204 et
1594 2151 1711 2204 aliis
1751 2150 1944 2222 divinis

365 2223 610 2276 laudibus
667 2219 732 2274 ini
777 2219 1122 2273 veneratione
1179 2219 1570 2273 dedicationum
1628 2220 1945 2287 templorum

365 2292 714 2352 insistebant;
746 2289 1159 2357 solemniterque
1196 2288 1248 2341 in
1280 2289 1526 2341 omnibus
1566 2288 1793 2342 cultibus
1821 2297 1944 2341 octo

366 2361 485 2414 dies
515 2362 789 2426 degentes,
821 2360 1019 2423 gratias
1039 2366 1087 2411 et
1122 2358 1304 2411 laudes
1333 2357 1556 2410 Domino
1584 2373 1793 2425 semper
1821 2372 1941 2423 age-

369 2432 519 2493 bant,
551 2437 604 2483 et
635 2444 730 2496 pro
760 2442 943 2481 eorum
972 2427 1280 2489 sceleribus,
1293 2427 1420 2496 _sive
1450 2427 1611 2496 totius
1639 2426 1943 2496 populiihu-

366 2499 567 2552 aniliter
592 2493 899 2567 poscebant,
927 2496 1244 2567 veniamque
1284 2493 1610 2567 ﬂagitabant,
1642 2493 1942 2567 atriue__Do-

365 2563 985 2633 minum'summopere,
1028 2565 1258 2618 extentis
1310 2563 1377 2617 ad
1429 2565 1623 2618 caelum
1660 2565 1941 2633 manibus,

365 2636 721 2691 intentissime
769 2642 823 2687 et
842 2632 1212 2699 ldcvotissime
1270 2633 1571 2687 laudabant.
1625 2632 1735 2686 Nos
1781 2648 1942 2698 vero,

366 2720 505 2774 quos
550 2705 879 2774 Redemptor
919 2703 1099 2757 mundi
1140 2702 1351 2756 demum
1390 2703 1778 2772 pretiosissimo
1821 2718 1944 2755 san-

2037 493 2173 557 mus,
2206 503 2260 549 et
2289 494 2649 547 dedicationes
2671 503 2970 545 nostrarum
3001 493 3344 547 ecclesiarum
3370 510 3609 551 summo-

2035 580 2165 633 pere
2191 563 2457 621 venerari,
2487 564 2643 631 eique
2671 577 2885 631 semper
2913 564 3111 633 gratias
3140 570 3298 631 agere
3329 562 3607 631 debemus,

2037 630 2135 702 pro
2175 634 2366 701 quibus
2405 630 2716 701 sanguinem
2765 630 2917 685 suum
2949 630 3189 702 fudit,et
3223 648 3358 701 quos
3387 649 3415 702 a
3444 630 3612 702 portis

2038 700 2383 756 infernalibus
2410 700 2654 763 redemit,
2689 710 2741 753 et
2770 701 2931 753 vitam
2960 700 3267 769 przedicavit
3302 710 3355 755 et
3393 700 3613 757 donavit

2038 772 2436 839 sempiternam.
2483 769 2539 823 Si
2575 771 2715 822 enim
2748 786 2845 822 nos
2872 771 2920 822 in
2954 769 3218 837 prmdictis
3238 772 3415 834 rebus,
3440 779 3495 824 et
3523 788 3613 825 ve-

2040 840 2424 904 nerationibus,
2456 841 2566 893 sive
2592 839 3009 892 institutionibus
3037 840 3400 901 ecclesiarum,
3427 842 3615 895 remis-

2041 910 2212 963 siores
2243 916 2297 962 et
2330 910 2625 963 inutiliores
2652 911 2757 978 85
2792 909 2891 961 illis
2920 908 3117 978 inventi
3160 908 3430 973 fuerimus,
3468 912 3613 964 nullo

2039 978 2200 1031 modo
2230 978 2296 1030 ad
2328 979 2468 1031 illam
2496 976 2721 1044 gloriam
2752 993 2914 1047 quam,
2944 976 3016 1031 illi
3041 987 3394 1046 perceperunt
3424 995 3613 1047 perve-

2041 1048 2157 1100 nire
2187 1048 2499 1115 poterimus,
2536 1057 2734 1116 quanto
2783 1046 2950 1113 magis
2984 1047 3049 1099 ad
3090 1047 3231 1099 illam
3271 1046 3437 1113 quam
3459 1050 3614 1101 nobis

2042 1123 2228 1185 postea
2254 1116 2508 1169 Dominus
2534 1116 2778 1184 promisit
2810 1118 3089 1182 pervenire
3117 1116 3425 1179 valebimus,
3454 1133 3613 1185 quam

2042 1185 2215 1238 oculus
2247 1202 2348 1237 non
2374 1188 2521 1249 vidit,
2552 1202 2642 1237 nec
2664 1186 2804 1235 auris
2833 1185 3044 1245 audivit,
3078 1201 3170 1235 nec
3198 1186 3249 1236 in
3280 1201 3366 1237 cor
3395 1185 3614 1239 hominis

2042 1254 2294 1323 ascendit,
2330 1272 2442 1321 qua?
2469 1256 2774 1323 prrcpararit
2802 1253 2962 1323 Deus
2988 1254 3314 1321 diligentibus
3336 1271 3391 1307 se
3413 1255 3463 1323 (I
3491 1254 3613 1310 Cor.

2042 1325 2139 1390 n)?
2166 1321 2308 1385 ideo,
2342 1323 2532 1375 fratres
2560 1321 2908 1383 dilectissimi,
2933 1321 3323 1375 dedicationem
3366 1321 3616 1377 ecclesia-

2043 1407 2159 1445 rum
2187 1399 2243 1444 et
2268 1392 2633 1445 solemnitates
2672 1406 2853 1444 carum
2882 1406 3220 1459 summopere
3249 1393 3488 1445 venerari
3519 1393 3616 1445 de-

2043 1462 2248 1523 bemus,
2283 1475 2347 1513 ne
2369 1476 2486 1513 cum
2520 1459 2901 1526 negligentibus
2930 1459 3074 1512 illam
3104 1463 3443 1526 sententiam,
3472 1464 3615 1528 quod

2044 1529 2199 1600 absit,
2230 1529 2505 1600 audiamus
2540 1546 2549 1578 :
2583 1527 2888 1600 Maledictus
2914 1528 3071 1600 homo
3102 1529 3185 1599 qui
3215 1546 3341 1600 opus
3370 1528 3466 1583 Dei
3491 1527 3617 1600 facit

2045 1598 2357 1666 negligenter
2388 1596 2597 1665 (Jerem.
2632 1598 2833 1663 xum),
2876 1598 2976 1662 ait;
3024 1596 3167 1651 illam
3198 1596 3380 1651 audire
3410 1596 3617 1653 merea-

2046 1682 2165 1719 mur
2194 1684 2221 1717 a
2254 1666 2498 1725 Domino,
2528 1681 2682 1733 quam
2718 1668 2828 1734 ipse
2860 1667 3114 1720 Dominus
3145 1666 3386 1720 fidelibus
3421 1676 3617 1721 sancta:

2048 1735 2141 1787 Dei
2168 1734 2417 1789 Ecclesiae
2447 1745 2501 1788 et
2532 1736 2807 1788 animabus
2830 1734 3007 1801 justis,
3037 1737 3147 1789 sive
3176 1736 3365 1790 divinis
3392 1737 3618 1791 cultibus

2049 1805 2349 1857 amabiliter
2387 1804 2772 1873 insistentibus,
2813 1807 2865 1857 in
2906 1805 3193 1873 Evangelio
3238 1806 3499 1873 promisit,
3534 1807 3617 1859 di-

2048 1889 2175 1945 cens
2209 1875 2367 1945 £86
2401 1872 2568 1945 Euge,
2586 1890 2745 1945 _serve
2785 1872 2913 1926 bone
2941 1872 3211 1945 et_ﬁdelis,
3244 1872 3381 1927 intra
3410 1875 3462 1927 in
3490 1893 3619 1945 gau-

2049 1942 2190 2014 dium
2219 1940 2426 1995 Domini
2459 1940 2529 1993 tui
2555 1940 2633 2009 (Μ
2638 1942 2768 2014 att/1.
2798 1944 2947 2014 xxv).
2976 1940 3028 1995 0⁷
3046 1958 3203 2010 quam
3228 1958 3474 2010 magnum
3490 1940 3620 2014 'my-

2048 2012 2267 2065 sterium
2314 2021 2367 2064 et
2412 2025 2570 2077 quam
2632 2010 2942 2064 admirabile
2992 2021 3380 2067 sacramentum
3428 2010 3622 2067 colitur

2049 2079 2209 2133 hodie
2259 2080 2311 2132 in
2360 2079 2541 2133 terris!
2590 2079 2697 2132 Nos
2736 2081 2932 2148 quippe
2962 2095 3148 2134 omnes
3176 2097 3493 2135 veneramur
3518 2083 3619 2135 lio-

2049 2148 2234 2218 dierna
2264 2149 2349 2201 die
2378 2149 2609 2218 encmnia
2638 2159 2837 2201 sanch
2861 2150 2952 2201 Dei
2976 2149 3247 2215 Eeclesim,
3270 2158 3324 2203 et
3345 2150 3619 2218 psallimus

2048 2216 2276 2270 Domino
2306 2218 2416 2270 Deo
2454 2216 2673 2269 vocibus
2717 2217 2961 2271 humanis
2987 2218 3038 2270 in
3087 2219 3259 2279 terris,
3302 2216 3394 2272 sed
3441 2219 3619 2285 angeli

2049 2294 2249 2357 canunt
2278 2287 2502 2357 hymnos
2530 2285 2777 2357 etelestcs
2798 2286 2857 2357 _in
2889 2287 3116 2357 superis.
3155 2285 3263 2357 Nos
3304 2288 3467 2357 etiam
3497 2303 3619 2357 ora-

2049 2370 2168 2408 mus
2196 2356 2250 2409 in
2282 2355 2457 2418 terris,
2488 2356 2661 2422 angeli
2694 2355 2908 2409 laudant
2929 2355 3209 2409 Dominum
3236 2355 3287 2408 in
3316 2356 3481 2411 cmlis.
3513 2355 3622 2411 Nos

2051 2438 2263 2494 quoque
2294 2425 2533 2479 laetamur
2563 2427 2614 2478 in
2646 2426 2818 2487 terris,
2852 2426 3023 2494 angeli
3053 2436 3107 2479 et
3142 2426 3311 2479 sancti
3354 2425 3444 2479 Dei
3485 2440 3618 2493 gau-

2048 2493 2175 2565 dent
2221 2494 2287 2565 de
2332 2502 2480 2565 tanta
2521 2494 2856 2565 solemnitate
2882 2493 3125 2565 incaalis.
3154 2494 3378 2565 Oremus
3405 2510 3533 2565 ergo
3564 2496 3617 2548 in

2049 2563 2207 2616 terris
2243 2563 2555 2617 hodiernam
2597 2562 2987 2617 dedicationem
3034 2564 3344 2617 solemniter
3382 2562 3619 2617 colentes

2049 2645 2167 2684 cum
2197 2632 2435 2700 psalmis,
2466 2640 2521 2686 et
2559 2632 2881 2698 gaudeamus
2917 2633 2984 2687 de
3029 2640 3176 2685 tanta
3223 2632 3530 2700 festivitate,
3562 2641 3619 2687 ut

2050 2700 2336 2770 participes
2360 2702 2415 2755 in
2442 2701 2591 2756 cmlis
2614 2702 2839 2755 inveniri
2860 2716 3178 2756 mereamur.
3209 2700 3455 2771 Explicit.

1724 2791 1990 2853 SERMO
2032 2792 2242 2852 XXVI
2254 2837 2268 2852 .

1664 2894 1741 2947 De
1767 2893 2005 2961 primitiis
2033 2902 2082 2944 et
2105 2892 2333 2946 decimis.

1810 2979 2194 3037 ADMONlTlO.

438 3075 572 3130 Cum
592 3076 1050 3150 _liujussermonis
1075 3076 1127 3129 in
1156 3075 1340 3150 codice
1368 3075 1746 3150 Beneventano
1775 3091 1811 3139 ι,
1840 3088 1963 3144 pag.
1997 3074 2087 3143 lt,
2127 3074 2183 3129 S.
2230 3074 2463 3129 Maximo
2502 3076 2744 3131 attributi
2774 3081 2941 3148 stylus
2979 3085 3135 3146 longe
3171 3079 3240 3133 sit
3276 3078 3415 3150 stylo
3442 3080 3621 3137 Maxi-

366 3147 547 3201 miano
575 3146 864 3213 dissimilis,
896 3146 1143 3200 eumdem
1171 3146 1224 3199 in
1252 3145 1606 3214 supposititiis
1639 3160 2001 3199 numeramus.

366 3262 756 3333 Annuussruu.
790 3286 860 3296 --
888 3257 969 3311 Ea:
1012 3258 1375 3333 Scriptura‘et
1421 3274 1486 3310 ea:
1526 3258 1726 3333 ratione
1766 3257 1947 3333 nititur
1974 3257 2019 3320 C
2049 3254 2205 3325 tigas,
2234 3271 2387 3311 meus
2432 3256 2559 3310 solis
2580 3257 2773 3314 calor?
2803 3254 3010 3312 Etcum
3052 3262 3231 3315 omnia
3265 3278 3385 3316 mea
3413 3265 3537 3333 sint,
3568 3275 3622 3324 ιιι

440 3338 617 3384 auctor
643 3330 995 3408 demonstrare
1017 3327 1267 3408 primitias
1289 3329 1497 3408 frugum
1524 3327 1747 3408 animum
1763 3334 1816 3408 ,ει
1837 3327 1947 3396 fru-

441 3410 610 3453 ctuum
634 3398 762 3464 Deo,
786 3399 859 3450 uti
882 3395 1117 3466 supremo
1147 3395 1391 3460 Domino,
1413 3412 1524 3449 esse
1545 3395 1855 3463 offerendas.

438 3478 697 3553 Petimus,
729 3488 1009 3553 carissimi,
1040 3489 1318 3542 caritatem
1356 3494 1593 3540 vestram
1624 3494 1683 3539 ut
1710 3499 1828 3553 quae
1849 3500 1947 3553 pro

366 3563 545 3618 salute
587 3568 765 3615 vestra
797 3559 1047 3612 dicuntur
1074 3556 1327 3610 attentius
1366 3556 1613 3610 audiatis.
1651 3554 1708 3608 ln
1737 3556 1948 3621 longum

365 3631 585 3701 quidem
613 3628 901 3701 Scriptura:
928 3624 1064 3681 ordo
1092 3625 1382 3701 digeritur;
1412 3624 1506 3678 sed
1534 3623 1952 3701 velut_aliq_uan-

366 3692 539 3755 t'ulum
570 3700 623 3752 in
652 3692 968 3751 memoriam
996 3692 1244 3759 teneatis,
1274 3709 1441 3761 pauca
1482 3694 1634 3747 vobis
1674 3693 1740 3746 de
1784 3692 1951 3761 pluri-

366 3770 470 3824 bus
497 3766 951 3823 commendamus.
982 3763 1238 3819 Dominus
1264 3761 1393 3817 dicit
1414 3763 1465 3815 in
1489 3761 1777 3830 Evangelio
1800 3779 1811 3813 :
1832 3776 1950 3814 om-

368 3853 496 3893 nem
548 3835 959 3890 decimationem
1013 3840 1249 3887 vestram
1302 3832 1621 3886 distribuite.
1678 3831 1795 3900 lpse
1855 3846 1951 3898 per

368 3906 688 3977 prophetam
720 3904 954 3977 loquitur
975 3921 1004 3977 _:_
1025 3902 1231 3977 Inferte
1245 3918 1445 3955 onmem
1474 3901 1799 3977 decimam-in
1827 3900 1949 3952 lior-

274 3989 285 4000 '
369 3970 515 4029 reum
543 3991 730 4039 meum,
760 3970 817 4025 ut
845 3974 910 4025 sit
938 3972 1078 4025 cibus
1097 3970 1163 4024 in
1197 3971 1347 4025 domo
1376 3987 1521 4033 mea;
1552 3977 1601 4039 et
1622 3970 1859 4039 probate
1871 3986 1953 4023 me

370 4048 425 4099 in
459 4046 557 4107 his,
593 4036 725 4095 dicit
746 4041 992 4095 Dominus
1017 4040 1271 4111 (Malach.
1299 4041 1396 4109 ιιι).
1418 4039 1486 4111 Et
1511 4039 1562 4111 in
1593 4038 1781 4111 Exodo
1799 4036 1949 4111 (Cap.

372 4116 524 4178 XXIII)
561 4130 573 4163 :
603 4114 617 4143 ί
644 4111 912 4164 Primitias
939 4107 1088 4164 terrae
1112 4119 1212 4162 tua:
1239 4107 1380 4179 defer
1407 4110 1460 4161 in
1480 4108 1708 4179 _domum
1741 4107 1953 4179 Domini

373 4183 472 4241 Dei
495 4175 585 4235 tui.
614 4180 809 4234 Paulus
834 4180 1108 4247 apostolus
1127 4179 1257 4233 dicit
1284 4175 1447 4230 {Filii
1472 4175 1591 4229 Levi
1610 4177 1952 4247 sacerdotium

375 4253 701 4321 accipientes,
728 4246 1027 4321 mandatum
1048 4248 1234 4321 habent
1254 4248 1478 4321 decimas
1497 4262 1695 4321 sumere
1714 4263 1753 4321 a_
1766 4246 1952 4321 papula

368 4314 645 4377 secundum
665 4319 824 4389 legem
838 4316 1023 4389 (Hebr.
1047 4316 1173 4389 vn),_
1185 4317 1239 4369 id
1257 4325 1394 4389 est_a_
1410 4315 1658 4389 fratribus
1674 4314 1803 4389 suis;
1823 4314 1955 4366 hila-

377 4406 489 4444 rem
519 4390 655 4441 enim
686 4384 919 4442 datorem
948 4387 1113 4457 diligit
1140 4386 1276 4439 Deus
1308 4384 1394 4457 (II
1426 4385 1545 4439 Cor.
1566 4388 1673 4457 _Ix).
1702 4384 1954 4457 Salomon

372 4459 513 4512 dixit
539 4476 552 4510 :
582 4460 602 4489 ’
634 4458 735 4510 Alii
766 4458 997 4510 dividunt
1035 4454 1219 4524 spolia,
1249 4465 1297 4508 et
1319 4454 1516 4509 ‘ditiora
1544 4455 1708 4524 ﬁunt;
1740 4454 1832 4508 alii
1867 4469 1954 4505 ra-

367 4529 518 4649 piunt
545 4544 646 4606 non
678 4544 801 4606 sua,_
822 4536 870 4579 et
898 4523 1094 4605 semper
1134 4528 1187 4579 in
1231 4534 1453 4595 egestate
1493 4534 1611 4578 sunt
1642 4523 1820 4604 (.Prov.
1855 4524 1949 4592 x1).

402 4612 524 4649 esus
575 4596 711 4649 libus
749 4595 935 4649 Sirach
964 4594 1097 4647 dmt
1129 4612 1141 4645 :
1178 4593 1241 4646 In
1273 4596 1412 4647 omni
1456 4594 1576 4646 dato
1620 4594 1832 4646 hilarem
1872 4595 1949 4649 fac

2046 3336 2137 3404 qui
2162 3349 2352 3387 manus
2380 3333 2771 3412 accommodas,
2786 3334 2969 3412 solam
2997 3335 3259 3390 decimam
3300 3343 3621 3412 merebaris;

2047 3412 2140 3467 sed
2168 3426 2383 3466 reserva
2412 3410 2504 3464 tibi
2533 3425 2747 3476 novem,
2769 3410 2833 3463 da
2863 3412 2994 3465 mihi
3015 3412 3307 3481 decimam;
3341 3418 3385 3471 si
3413 3410 3624 3474 dederis

2045 3490 2177 3543 mihi
2225 3489 2510 3552 decimam,
2559 3488 2926 3557 multiplicabo
2973 3505 3184 3545 novem.
3243 3493 3413 3547 Etiam
3453 3500 3622 3552 sancti

2048 3558 2236 3613 Patres
2285 3568 2409 3613 ante
2455 3558 2635 3611 datam
2676 3558 2843 3625 legem
2881 3558 3197 3614 studuerunt
3224 3562 3484 3619 decimam
3512 3566 3621 3620 Deo

2048 3626 2262 3694 oll‘erre,
2293 3629 2430 3681 sicut
2460 3626 2722 3681 Abraham
2757 3626 2823 3680 de
2856 3628 3103 3683 omnibus
3130 3632 3237 3685 suis
3262 3632 3497 3689 decimas
3522 3635 3620 3689 ob-

2049 3696 2169 3750 tulit
2198 3696 2619 3761 Melchisedech;
2651 3705 2704 3749 et
2726 3695 2891 3769 Jacob
2916 3697 2991 3769 ait
3016 3715 3027 3749 :
3059 3698 3119 3752 Si
3142 3701 3296 3769 fuerit
3324 3700 3462 3755 Deus
3483 3720 3623 3757 meus

2048 3782 2261 3839 mecum,
2293 3775 2738 3839 CttttClOTttmnqtttL’
2776 3766 2975 3839 dederis
3003 3766 3379 3839 milii'decimas
3404 3772 3621 3839 o/feram

2050 3833 2317 3911 tibi_(Gen.
2348 3836 2553 3903 xxviii).
2580 3833 2714 3911 Hine
2739 3835 2901 3911 etiam
2920 3836 3113 3911 dicitur
3131 3854 3149 3911 _:
3176 3836 3416 3911 Decimas
3435 3833 3490 3894 Et
3515 3842 3623 3911 pri-

2049 3905 2219 3977 mitias
2240 3917 2353 3957 tuas
2375 3919 2477 3959 non
2509 3904 2949 3977 tardabis__o/ferre
2988 3904 3209 3977 Domino
3241 3905 3435 3977 (Exod.
3467 3904 3618 3973 xim).

2052 3973 2304 4028 Salomon
2333 3988 2547 4042 quoque
2575 3974 2649 4026 ait
2680 3991 2691 4025 :
2727 3972 2943 4027 Honora
2985 3972 3265 4029 Dominum
3294 3979 3356 4031 de
3394 3989 3479 4033 tua
3506 3972 3625 4034 sub-

2052 4043 2246 4123 stantia
2284 4052 2334 4123 et
2377 4044 2438 4095 de
2476 4044 2715 4123 primitiis
2751 4046 2953 4123 frugum
2984 4053 3207 4123 tuarum,
3233 4056 3289 4099 ut
3316 4049 3626 4123 impleantur

2053 4112 2236 4164 horrea
2272 4122 2359 4163 tua
2400 4114 2688 4173 saturitate,
2721 4112 2769 4164 et
2797 4112 2909 4164 vino
2950 4116 3231 4169 toreularia
3272 4112 3628 4172 redundabant

2055 4179 2233 4256 (Prov.
2257 4180 2357 4256 ιιι)ἶ
2378 4180 2493 4256 Non
2515 4188 2636 4245 eget
2658 4179 2908 4256 Dominus
2923 4180 3084 4256 Deus,
3110 4198 3213 4237 non
3236 4188 3511 4256 prmmium
3532 4203 3629 4256 po-

2055 4246 2239 4313 Stulat,
2268 4249 2361 4303 sed
2386 4249 2679 4322 honorem;
2712 4246 2849 4301 Deus
2872 4246 3355 4322 enimnosterfqui
3383 4246 3629 4322 digna'tus

2057 4324 2143 4372 est
2170 4325 2339 4391 totum
2369 4318 2519 4391 dare,
2541 4317 2818 4391 decimam
2843 4331 2873 4391 a
2898 4317 3056 4391 _nobis
3087 4317 3331 4391 dignatur
3357 4317 3624 4391 repetere,

2058 4402 2164 4441 non
2190 4387 2314 4460 sibi,
2343 4387 2620 4460 sedunobis
2632 4385 2759 4460 _sine
2781 4385 2948 4460 _dubio
2976 4385 3326 4455 profuturam.
3360 4385 3510 4445 Unde
3529 4385 3628 4460 per

2054 4457 2370 4526 prophetam
2408 4456 2584 4511 dixit:
2626 4455 2892 4526 Primitias
2934 4473 3071 4511 area:
3118 4465 3217 4512 tute
3262 4468 3312 4512 et
3356 4455 3629 4515 torcularis

2055 4525 2159 4579 non
2190 4525 2416 4579 tardabis
2446 4527 2631 4594 offerre
2658 4526 2802 4598 mihi.
2849 4525 2904 4580 Si
2939 4527 3139 4598 tardius
3174 4528 3404 4598 dederis,
3436 4545 3628 4598 pecca-

402 4612 524 4651 esus
575 4596 711 4649 filius
749 4595 935 4667 Sirach
964 4593 1097 4647 dixit
1129 4593 1412 4667 ειη-ὀνττηί
1456 4594 1841 4667 data/citarent
1871 4595 1953 4661 {ac
1983 4608 2029 4667 ι)
2057 4603 2272 4667 tumAest
2304 4614 2316 4648 :
2349 4593 2550 4667 quanto
2580 4596 2749 4663 magis
2785 4611 2893 4667 non
2931 4596 3158 4651 dedisse.
3193 4597 3267 4652 De
3296 4593 3531 4666 negotio,
3560 4599 3628 4652 de

368 4667 565 4719 vultum
608 4674 769 4726 tuum,
817 4674 865 4717 et
911 4666 965 4716 in
1018 4663 1360 4717 exsultatione
1405 4664 1675 4731 sanctiﬁca
1729 4662 1955 4731 decimas

372 4745 507 4787 tuas.
541 4734 625 4786 Da
655 4734 920 4786 Altissimo
949 4732 1229 4785 secundum
1269 4732 1445 4784 datum
1487 4730 1630 4802 ejus;
1662 4739 1711 4783 et
1739 4733 1792 4783 in
1822 4730 1955 4802 bona

371 4804 523 4858 oculo
569 4803 977 4855 adinventionem
1009 4802 1168 4870 facito
1196 4817 1437 4854 manuum
1465 4798 1682 4858 tuarum,
1716 4798 1956 4870 quoniam

372 4873 631 4927 Dominus
679 4871 958 4924 retribuens
996 4868 1092 4929 est,
1136 4880 1186 4922 et
1222 4872 1405 4939 septies
1436 4881 1629 4922 tantum
1666 4868 1839 4920 reddet
1869 4869 1955 4939 tibi

376 4942 566 5012 (Eccli.
618 4941 800 5009 xxxv).
846 4940 1170 5012 Augustinus
1209 4938 1343 4992 diXit
1374 4957 1386 4991 :
1419 4940 1736 5012 desinam/ia}
1770 4938 1955 5012 etenim

376 5007 569 5065 tributa
615 5021 732 5063 sunt
762 5007 1026 5079 egentium
1062 5010 1369 5079 animarum.
1404 5007 1560 5079 Quod
1605 5008 1649 5061 si
1696 5007 1956 5079 decimam

375 5080 611 5141 dederis,
645 5095 751 5132 non
781 5076 953 5132 solum
981 5077 1360 5130 abundantiam
1398 5076 1661 5130 lructuum
1709 5076 1956 5143 recipies,

374 5149 473 5204 sed
521 5149 680 5202 etiam
722 5149 1005 5202 sanitatem
1036 5147 1279 5213 corporis
1318 5146 1679 5213 consequeris.
1732 5146 1958 5198 Decimae

376 5218 596 5286 quidem
622 5234 690 5271 ex
714 5216 892 5271 debito
920 5210 1263 5285 requiruntur
1289 5234 1299 5267 :
1325 5216 1453 5284 quid
1478 5210 1521 5268 si
1552 5215 1756 5268 diceret
1778 5214 1917 5286 Deus
1941 5230 1954 5264 :

376 5283 583 5356 Nempe
612 5303 763 5340 meus
790 5301 867 5351 es,
897 5301 929 5339 0
960 5283 1148 5349 homo;
1183 5300 1299 5356 mea
1330 5283 1412 5338 est
1446 5294 1585 5356 terra
1615 5299 1772 5356 quam
1804 5283 1955 5356 colis,

378 5371 501 5412 mea
519 5351 654 5410 sunt
686 5356 888 5412 semina
916 5369 1034 5423 qnaa
1062 5354 1288 5423 spargis,
1321 5369 1437 5407 mea
1468 5353 1715 5407 animalia
1740 5368 1858 5422 qua:
1882 5351 1961 5405 fa-

456 5471 474 5502 ²
502 5468 729 5537 Vulgata
756 5468 882 5536 legit
914 5486 925 5520 :
953 5467 1321 5539 fraudulenter.
1354 5464 1576 5539 Vulgata
1600 5464 1762 5518 habet
1770 5480 1803 5539 λ
1836 5462 1961 5539 Pri-

383 5539 559 5609 mitias
606 5532 1000 5609 frugumi'terr'ie
1047 5547 1146 5592 tute
1188 5538 1387 5609 deferes
1424 5535 1729 5609 indeptum
1757 5532 1967 5609 Domini

383 5608 506 5663 Dei.
535 5602 707 5661 Aliter
723 5608 943 5674 Vulgata
975 5626 986 5659 :
1018 5619 1064 5661 et
1091 5602 1294 5678 quidem
1328 5608 1389 5659 de
1419 5606 1543 5673 [iliis
1574 5603 1695 5657 Levi
1725 5602 1964 5656 sacerdo-

387 5681 511 5731 tium
543 5679 865 5747 accipientes,
899 5686 1003 5731 etc.

2058 4662 2284 4717 artiﬁcio
2311 4662 2477 4719 redde
2515 4662 2766 4720 decimas.
2808 4665 2940 4719 Cum
2988 4668 3131 4720 enim
3172 4662 3407 4721 decimas
3450 4667 3629 4721 dando

2058 4740 2112 4786 et
2141 4741 2354 4785 terrena
2383 4744 2437 4803 et
2462 4735 2696 4803 cmlestia
2727 4736 2898 4801 possis
2920 4750 3142 4788 munera
3164 4737 3477 4803 promereri,
3500 4751 3629 4803 qua-

2058 4816 2117 4853 re
2158 4815 2253 4868 per
2288 4802 2564 4854 avaritiam
2611 4802 2805 4869 duplici
2848 4802 3221 4859 benedictione
3267 4802 3630 4859 defraudaris‘!

2058 4869 2189 4940 ilice
2206 4870 2347 4940 enim
2377 4880 2459 4923 est
2486 4870 2689 4922 Domini
2714 4871 3003 4937 justissima
3034 4874 3387 4940 consuetudo,
3414 4882 3471 4927 ut
3499 4875 3543 4927 si
3570 4883 3626 4928 tu

2060 4938 2131 4990 illi
2162 4939 2425 4992 decimam
2456 4955 2560 4993 non
2590 4940 2818 5003 dederis;
2849 4948 2903 4993 tu
2934 4940 3003 4993 ad
3041 4942 3299 4995 decimam
3340 4938 3629 4999 revoceris.

2058 5006 2216 5061 Dabis
2246 5008 2410 5077 impio
2440 5009 2589 5062 militi
2621 5010 2761 5077 quod
2790 5025 2895 5061 non
2926 5011 3005 5063 vis
3035 5010 3162 5065 dare
3200 5012 3502 5065 sacerdoti?
3532 5014 3633 5068 Be-

2060 5077 2303 5146 nefacere
2333 5079 2471 5132 Deus
2499 5094 2709 5145 semper
2729 5087 2942 5146 paratus
2968 5088 3070 5145 est,
3098 5080 3191 5134 sed
3217 5081 3488 5135 hominum
3513 5099 3629 5137 ma-

2061 5145 2171 5198 litia
2206 5148 2563 5219 prohibetur.‘
2580 5145 2806 5219 Decima:
2832 5148 3028 5219 etenim
3052 5164 3116 5201 ex
3146 5149 3325 5203 debito
3349 5153 3633 5219 requirun—

2063 5222 2165 5267 tur.
2205 5215 2270 5268 Et
2295 5218 2384 5284 qui
2418 5232 2507 5271 eas
2535 5217 2661 5286 dare
2691 5216 2948 5286 noluerit,
2981 5232 3067 5271 res
3095 5219 3296 5272 alienas
3325 5215 3548 5286 invasit;
3577 5229 3633 5275 et

2061 5286 2246 5355 quanti
2271 5301 2529 5355 pauperes
2558 5286 2607 5337 in
2638 5285 2768 5339 locis
2789 5285 2877 5355 ubi
2909 5285 3019 5353 ipse
3040 5288 3260 5352 habitat,
3291 5289 3379 5343 illo
3401 5285 3632 5344 decimas

2061 5368 2168 5408 non
2194 5353 2537 5422 dante,‘fame
2562 5355 2757 5409 mortui
2781 5353 2993 5420 fuerint,
3028 5364 3297 5412 tantorum
3323 5359 3633 5414 homicidio-

2140 5466 2160 5496 ³
2190 5464 2513 5520 Emendatur
2544 5473 2715 5520 textus
2743 5480 2808 5519 ex
2834 5463 3059 5531 Vulgata
3093 5482 3106 5517 :
3139 5468 3239 5521 Alii
3270 5469 3495 5521 dividunt
3524 5484 3635 5532 pro-

2071 5536 2206 5606 pria,
2236 5545 2283 5588 et
2311 5537 2517 5589 ditiores
2545 5537 2706 5605 fiunt;
2738 5533 2828 5588 alii
2856 5536 3062 5603 rapiunt
3092 5553 3190 5592 non
3221 5554 3333 5602 sua,
3363 5547 3410 5589 et
3439 5550 3635 5607 semper

2068 5608 2121 5659 in
2149 5614 2371 5675 egestate
2397 5615 2535 5659 sunt.
