4138 6196
358 271 478 326 ᾖ(ὶό

365 381 643 465 εξιὶθιιξιςε,
673 379 739 435 ad
765 395 948 465 verum
978 380 1213 465 requiem
1246 393 1514 465 nunquum
1539 376 1948 465 putei-itypcrve—
1979 384 2027 443 Α

367 447 506 508 tiire.
549 450 657 504 Nos
684 466 835 515 vero,
859 447 1071 517 fratres,
1101 450 1383 517 adjuvante
1411 449 1541 508 Deo,
1572 447 1951 517 impedimenta

369 521 556 577 mundi
583 520 759 587 hujus,
791 521 834 573 si
861 521 969 589 90
998 535 1027 572 a
1055 516 1207 573 nobis
1235 520 1300 572 ad
1340 520 1603 584 integrum
1634 516 1951 570 Subtrahere

368 608 478 645 non
510 605 811 659 possumus,
846 589 929 643 vel
960 590 1011 641 in
1039 597 1294 657 quantum
1318 589 1455 659 vires
1494 594 1951 659 suppetunt_tem-

370 655 584 730 perure,
618 659 797 730 velab
823 660 900 730 eis
939 655 1189 711 recedere
1235 657 1561 730 Studeamus,
1594 664 1650 730 ut
1679 655 1949 730 nobisret

371 722 628 783 inaueant
654 728 828 795 aliqua
856 728 1107 781 horarum
1130 728 1321 794 spatia,
1346 727 1397 779 in
1418 727 1610 794 quibus
1631 724 1843 795 lectioni
1867 722 1950 776 vel

372 799 607 852 orationi
637 793 832 851 vacare
862 797 1141 865 possimus.
1163 793 1303 849 Nam
1342 797 1385 849 si
1424 793 1594 865 totum
1624 812 1652 847 a
1679 793 1831 846 nobis
1859 810 1949 865 uc—

374 868 593 938 cupatio
619 876 835 922 terrena
863 862 1205 929 subtraxerit,
1237 864 1525 918 timendutn
1564 872 1640 918 est
1688 878 1754 916 ne
1799 862 1954 916 nobis

1784 259 2009 317 SERMO
2048 255 2224 312 XXIX.

3520 248 3633 301 που,

2053 372 2234 443 veniat
2263 368 2391 443 illud
2429 367 2570 438 quod
2614 364 2869 443 scriptum
2901 371 2985 443 est
3017 380 3029 416 :
3063 360 3455 443 Impedimenta
3476 366 3629 443 lngus

2053 442 2228 496 mundi
2249 442 2423 562 [πονε
2445 431 2532 491 ἒοε
2560 431 2792 489 miseros.
2823 433 2990 556 Maqis
3028 446 3181 500 ergo,
3211 431 3496 501 adiuvante
3525 431 3630 488 Do-

2053 512 2218 562 mino.
2269 510 2572 562 aboremus.
2604 516 2663 560 ut
2688 514 2742 559 et
2770 504 2822 558 in
2853 520 2921 557 no
2944 506 3009 557 ἠδ
3034 505 3120 558 vel
3148 517 3216 557 ex
3260 512 3412 562 parte
3452 504 3627 562 aliqua

2050 512 2218 576 mino,
2249 504 2572 571 laboremus,
2604 516 2663 560 ut
2688 514 2742 576 et
2770 504 2822 576 in
2853 504 3020 576 nobis
3034 505 3120 558 vel
3148 517 3217 576 ex
3260 512 3412 571 parte
3452 504 3627 576 aliqua

2055 572 2340 650 impleatur
2369 577 2496 650 illud
2524 575 2670 650 quod
2696 573 2762 627 de
2789 575 2949 650 beato
2972 573 3090 627 viro
3118 575 3241 650 scril
3265 580 3376 650 tum
3392 580 3531 650 est:
3566 572 3631 627 In

2053 642 2161 721 lege
2190 649 2401 721 Domitii
2432 642 2759 700 meditabitur
2787 644 2871 721 die
2898 658 2959 721 ac
2986 652 3134 696 nocte
3166 642 3338 712 (Psal.
3370 644 3431 711 ι).
3462 643 3631 721 Quam

2059 712 2171 773 rem
2219 717 2475 771 Dominus
2515 724 2712 769 sancta:
2742 712 2950 768 caritati
2980 724 3171 766 vestra:
3200 728 3294 781 per
3320 728 3415 767 sua
3443 714 3633 767 merita

2058 796 2312 858 pimstare
2338 785 2599 858 dignetur.
2633 784 2734 850 Qui
2763 782 2890 836 vivit
2917 790 2972 836 et
2996 790 3183 850 regnat
3225 782 3278 837 in
3316 782 3508 837 sazeula
3535 798 3636 837 sa:-

2058 854 2321 913 culorum.
2346 854 2537 909 Amen.

1703 969 1970 1031 SERMO
2012 966 2306 1029 XXVIII.

1525 1070 1605 1125 De
1629 1081 1810 1125 sancta
1838 1068 2030 1123 Christi
2065 1068 2456 1122 resurrectione.

1802 1160 2191 1215 ADMONITIO.

452 1258 681 1314 Temere
706 1257 917 1326 quidem
948 1267 1002 1311 et
1025 1256 1166 1310 hunc
1183 1269 1497 1326 sermonem
1523 1270 1551 1307 a
1581 1254 1843 1326 scriptore
1872 1251 2072 1306 codicis
2098 1248 2409 1305 Casinensis
2436 1246 2538 1301 19.5
2565 1246 2855 1316 ascriptum
2883 1247 2939 1302 S.
2972 1246 3201 1303 Maximo
3236 1248 3415 1315 fuisse,
3446 1254 3638 1324 cuique

380 1330 629 1385 eumdem
657 1324 778 1383 cuiu
806 1328 1045 1396 genuinis
1068 1325 1363 1381 confereuti
1394 1326 1551 1394 plane
1580 1324 1764 1392 liquet.

382 1450 776 1500 Ancuuemuu.
803 1474 874 1484 ——
895 1440 1017 1494 Dies
1038 1441 1307 1494 dominij
1333 1439 1736 1495 Resurrectionis
1762 1437 1957 1491 lwlitia:

454 1530 669 1565 causam
713 1510 951 1581 ﬁdelibus
991 1518 1221 1581 prtestat.
1271 1511 1406 1580 quod
1455 1509 1576 1562 dum
1625 1507 1856 1581 Christus
1898 1508 1960 1559 de

457 1592 620 1636 morte
664 1578 998 1650 triumphans
1025 1578 1093 1631 ad
1140 1578 1291 1632 vitam
1334 1596 1592 1650 nunquam
1638 1579 1962 1650 interituram

456 1652 721 1714 remeavit,
752 1648 896 1703 nobis
922 1651 1148 1702 eamdem
1178 1665 1277 1701 non
1309 1649 1599 1718 defuturam
1634 1648 1967 1700 resurrectio-

461 1740 579 1776 nem
608 1731 655 1774 et
683 1720 900 1791 gloriam
928 1718 1167 1773 ostendit.

458 1855 576 1909 Non
607 1867 766 1921 queo,
798 1850 988 1905 fratres
1012 1850 1295 1921 carissimi,
1326 1849 1467 1919 quod
1498 1858 1676 1904 mente
1723 1849 1967 1918 concipio

388 1940 487 1980 ore
516 1920 778 1993 proferie,
809 1929 864 1975 et
900 1920 1074 1974 cordis
1115 1921 1218 1993 mei
1247 1921 1479 1973 laetitiam
1510 1921 1685 1993 lingua
1735 1934 1841 1993 non
1870 1934 1966 1993 eit-

390 1988 573 2066 plicat.
609 1992 723 2045 Hoc
752 2000 929 2066 autem
961 2006 1067 2066 uon
1112 1990 1283 2066 solum
1313 2003 1413 2056 ego
1442 1992 1635 2057 patior,
1682 1989 1769 2056 qui
1809 1988 1969 2066 cupio

390 2058 647 2120 enarrare
686 2061 829 2129 quod
857 2060 1051 2125 sentio,
1083 2058 1175 2113 sed
1203 2060 1365 2112 etiam
1396 2074 1490 2111 vos
1514 2074 1721 2112 meeum
1754 2058 1968 2129 patimi-

390 2135 467 2198 ni,
500 2133 620 2202 plus
647 2127 977 2202 exsultantes
1017 2130 1068 2182 in
1105 2128 1429 2202 conscientia
1461 2142 1618 2195 quam
1663 2128 1715 2202 in
1755 2127 1970 2202 eluquio

392 2197 747 2274 proferentes.
796 2199 1018 2274 Videtur
1064 2198 1193 2274 mihi
1224 2198 1349 2274 inec
1377 2197 1744 2274 dies_c:cteris
1783 2197 1971 2249 diebus

392 2267 512 2327 esse
560 2271 805 2334 lucidior,
849 2268 929 2320 sol
961 2267 1160 2321 mundo
1190 2267 1386 2321 clarior
1414 2267 1631 2329 luxisse,
1660 2274 1801 2319 astra
1836 2279 1971 2331 quo-

392 2356 498 2410 que
527 2340 707 2395 omnia
733 2338 819 2410 vel
857 2337 1119 2410 elementa
1152 2337 1336 2401 lattari,
1369 2346 1424 2390 et
1450 2352 1567 2405 qum
1587 2336 1832 2410 patiente
1861 2336 1968 2387 Du-

392 2406 542 2479 mino
562 2409 858 2479 propriunL
862 2407 1035 2479 lumen
1058 2408 1417 2479 detraxerant,
1439 2415 1494 2458 et
1514 2406 1795 2479 noluerant
1822 2419 1974 2479 crea-

394 2472 580 2534 torem"
620 2472 777 2531 suum
828 2475 1111 2531 Dominutn
1163 2476 1403 2544 aspicere
1450 2475 1782 2529 crucifixum.
1833 2472 1972 2527 Ecce

395 2566 541 2605 nunc
581 2549 842 2601 victorem
890 2547 1037 2599 illum
1084 2547 1151 2600 ab
1201 2544 1379 2599 inferis
1422 2552 1785 2613 resurgentem
1832 2558 1973 2597 novo

394 2620 659 2675 claritatis
708 2631 818 2670 sua:
862 2623 1116 2684 provocat
1164 2615 1441 2683 obsequio.
1494 2614 1679 2669 Credit
1732 2614 1968 2680 coelum,

394 2689 569 2745 credit
614 2695 782 2752 terra,
821 2693 875 2739 et
904 2698 1100 2752 sagena
1127 2701 1244 2754 quae
1272 2692 1443 2738 totum
1483 2685 1738 2739 mundum
1767 2686 1973 2753 piscatu

394 2768 499 2823 est,
532 2756 743 2811 Judteos
783 2764 967 2825 tenere
1003 2770 1108 2809 non
1136 2755 1327 2823 potuit.
1359 2754 1486 2807 llwc
1516 2755 1815 2825 diesiquam
1856 2755 1974 2825 fecit

398 2829 674 2906 Dominus,
716 2824 1023 2906 {{suitei‘nus
1061 2834 1111 2877 et
1131 2826 1381 2906 indemni:
1401 2826 1453 2877 in
1482 2841 1551 2906 .eu
1595 2824 1749 2906 (Psal
1786 2824 1969 2891 cxvii).

396 2897 684 2965 Quomodo
729 2893 893 2947 Maria
923 2894 1083 2962 Virgo
1130 2894 1298 2948 Mater
1345 2894 1553 2965 Domini
1601 2893 1741 2949 inter
1787 2909 1975 2965 omnes

397 2964 652 3021 mulieres
672 2966 1023 3033 principatum
1054 2972 1217 3029 tenet,
1261 2965 1332 3017 ita
1362 2972 1417 3018 et
1444 2964 1585 3018 inter
1611 2974 1834 3019 caeteros
1862 2964 1976 3017 dies

399 3038 517 3090 ιιωο
545 3035 785 3091 omnium
810 3034 1016 3087 dierum
1045 3044 1217 3089 mater
1236 3042 1336 3088 est.
1371 3034 1503 3087 Rem
1540 3050 1646 3089 non
1678 3049 1868 3088 novam
1890 3033 1973 3085 di-

400 3122 485 3174 co,
507 3106 600 3159 sed
623 3119 737 3173 quae
752 3103 1145 3172 Scripturarum
1174 3105 1394 3158 vocibus
1420 3103 1818 3174 comprobatur.
1850 3102 1971 3156 llmc

399 3172 478 3230 et
500 3190 605 3230 una
634 3172 700 3228 de
730 3182 932 3242 septem
958 3182 1012 3228 et
1036 3182 1186 3227 extra
1215 3181 1418 3241 septem
1436 3181 1533 3226 est.
1566 3172 1685 3225 Hice
1714 3173 1827 3226 dies
1856 3186 1973 3241 qua:

399 3246 701 3315 appellatur
730 3252 917 3315 octava
943 3260 956 3308 ;
999 3243 1137 3296 unde
1167 3244 1314 3315 et__in
1354 3242 1668 3315 quibusdam
1696 3242 1859 3315 titulis
1887 3257 1977 3294 su-

401 3311 767 3385 perscribitur;
780 3331 792 3364 :
826 3311 930 3385 Pro
974 3322 1181 3385 octava.
1214 3311 1349 3385 Haec
1375 3320 1457 3365 est
1476 3311 1536 3385 _i_n
1565 3326 1667 3385 qua
1696 3311 1976 3379 Synagnga

403 3378 602 3449 linitur,
633 3392 689 3438 et
726 3381 966 3436 Ecclesia
1008 3382 1262 3436 nascitur.
1308 3379 1431 3434 llaec
1473 3378 1524 3433 iii
1573 3378 1977 3448 cujus’numero

402 3464 528 3509 octo
557 3454 746 3507 anima:
775 3453 933 3505 salva:
956 3449 1106 3505 factae
1135 3459 1259 3505 sunt
1279 3451 1330 3503 in
1360 3464 1483 3503 arca
1515 3449 1644 3502 Noe.
1670 3449 1735 3502 Et
1759 3449 1977 3517 quidem

402 3538 622 3577 necesse
649 3531 732 3575 est
759 3520 962 3574 infinita
992 3520 1277 3589 explicare.
1302 3519 1422 3573 Dies
1452 3535 1555 3572 non
1584 3518 1793 3589 deficiet
1819 3519 1863 3571 si
1891 3534 1981 3572 vo-

400 3593 555 3646 luero
584 3607 743 3645 omne
769 3591 873 3644 diei
901 3588 1171 3659 exponere
1201 3597 1609 3643 sacramentum.
1640 3588 1752 3642 Hoc
1773 3596 1977 3659 tantum

400 3661 718 3730 dico,_quod
749 3658 1006 3730 universa
1026 3659 1232 3730 sabbati
1253 3659 1421 3730 gratia
1451 3668 1507 3730 et
1534 3659 1749 3726 antiqua
1774 3658 1860 3710 illa
1891 3673 1983 3727 po-

443 3732 516 3785 uli
542 3728 844 3785 Iudaeorum
874 3729 925 3782 in
957 3729 1062 3782 diei
1100 3729 1252 3782 istius
1288 3728 1625 3783 solemnitate
1653 3734 1855 3781 mutata
1878 3735 1976 3781 est.

432 3802 484 3853 lli
507 3802 560 3853 in
585 3800 669 3854 die
696 3799 901 3853 sabbati
923 3814 1027 3851 non
1043 3798 1303 3851 faciebant
1323 3812 1457 3866 Opus
1469 3798 1679 3851 servile.
1699 3796 1805 3851 Nos
1820 3796 1872 3849 in
1894 3797 1982 3866 die

400 3870 699 3936 dominica,
729 3870 829 3923 hoc
856 3876 938 3921 est
967 3869 1019 3921 in
1047 3868 1131 3920 die
1153 3865 1600 3930 Resurreetionis,
1632 3882 1766 3935 opus
1789 3865 1982 3920 servile

402 3955 514 3993 non
550 3938 820 4002 faciamus,
856 3937 979 4006 quia
1009 3938 1240 4005 peccatis
1269 3946 1321 3990 et
1351 3936 1492 3991 vitiis
1521 3952 1625 3990 non
1667 3937 1933 3990 servimus
1965 3952 1978 3987 :

448 4010 497 4062 ui
528 4008 669 4063 enim
709 4006 834 4062 facit
873 4014 1149 4076 peccatum
1188 4022 1374 4060 servus
1410 4014 1493 4060 est
1536 4007 1765 4075 peccati.
1808 4006 1889 4061 Illi
1916 4006 1983 4061 de

445 4079 655 4132 omibus
699 4077 807 4131 suis
854 4091 958 4129 non
1002 4077 1430 4143 egrediebantur,
1482 4084 1536 4130 et
1576 4091 1676 4129 nos
1714 4076 1781 4131 de
1821 4078 1983 4130 domo

403 4148 608 4201 Christi
655 4161 763 4201 non
804 4145 1158 4212 egrediantur,
1206 4160 1389 4199 sumus
1435 4146 1575 4198 enim
1628 4146 1679 4198 in
1734 4145 1977 4199 ecclesia.

404 4217 485 4271 Illi
516 4230 624 4270 non
646 4214 1007 4271 accendebant
1028 4215 1200 4282 ignem
1231 4216 1281 4267 in
1311 4216 1397 4269 die
1425 4214 1660 4278 sabbati;
1692 4229 1791 4268 nos
1816 4230 1981 4269 econ-

405 4287 577 4339 trario
605 4286 957 4339 accendamus
985 4284 1037 4337 in
1063 4284 1215 4337 nobis
1244 4283 1419 4351 ignem
1449 4283 1678 4353 Spiritus
1705 4284 1897 4348 sancti,
1930 4292 1985 4338 et

405 4370 570 4409 oume
596 4355 782 4408 vitium
806 4363 1167 4424 egcoquemus
1208 4360 1565 4424 peccatorum.
1608 4354 1683 4408 De
1716 4369 1822 4424 quo
1863 4354 1985 4420 igne

408 4424 668 4494 Dominus
693 4424 805 4477 ait:
840 4421 1022 4493 Ignem
1050 4424 1169 4494 peni
1200 4421 1486 4494 mittereiin
1515 4421 1815 4487 terramfet
1861 4423 1983 4494 quid

2062 1439 2234 1511 ipsum
2264 1437 2438 1504 ignem
2470 1435 2660 1511 ardere
2689 1435 2741 1489 in
2782 1435 2954 1497 nobis,
2984 1437 3272 1511 secundum
3302 1439 3637 1511 Apostolum,

2064 1506 2318 1575 Spiritum
2342 1513 2583 1559 sanctum
2608 1504 2833 1571 fervere,
2869 1514 2926 1559 ut
2948 1521 3051 1558 non
3083 1504 3393 1574 refrigescat
3420 1504 3634 1568 caritas;

2064 1574 2151 1651 Illi
2173 1590 2268 1645 per
2295 1575 2433 1651 diem
2463 1575 2671 1629 sabbati
2699 1590 2805 1651 uou
2822 1574 3166 1651 ambulabant
3191 1577 3485 1651 in‘itinere;
3519 1598 3640 1651 per-

2067 1646 2316 1721 diderunt
2335 1644 2477 1721 enim
2493 1659 2614 1721 eum
2635 1644 2915 1721 qui‘dixit}
2941 1644 3055 1712 Ego
3071 1662 3190 1721 sum
3205 1647 3285 1721 uia
3310 1644 3485 1721 (Joau.
3507 1644 3638 1721 itv).

2072 1715 2177 1791 Nos
2207 1721 2385 1791 autem
2413 1714 2638 1791 dicimus
2668 1732 2690 1791 :_
2709 1713 3190 1791 Bfati‘immaculai‘i
3212 1717 3266 1791 in
3296 1713 3394 1781 via,
3425 1713 3642 1791 quia";

2066 1784 2244 1836 bulant
2269 1785 2321 1836 in
2343 1785 2451 1854 lege
2481 1783 2690 1854 Domitii
2712 1782 2880 1853 (Psal.
2907 1786 3110 1854 carm).
3143 1782 3207 1838 Et
3236 1786 3425 1842 iterum
3438 1782 3459 1841 ἐ
3497 1790 3643 1846 Viam

2065 1854 2292 1933 rerituit'is
2317 1851 2563 1933 uleyi'._§t
2587 1870 2600 1933 ξ
2643 1851 3235 1933 Viainjusii/icutionum
3266 1866 3467 1911 tuarum
3492 1861 3645 1915 edoce

2069 1939 2149 1975 me
2184 1921 2414 1991 (Ibid.).'
2446 1922 2525 1995 illi
2570 1922 2636 1995 de
2678 1921 3158 1995 spinis‘Dominum
3204 1939 3644 1995 coronaverunt;

2068 2006 2167 2045 nos
2195 1990 2394 2055 autem,
2420 1991 2467 2044 si
2492 1990 2745 2060 fuerimus
2765 1990 2968 2059 lapides
2995 1993 3236 2060 pretiosi,
3270 2003 3510 2051 nostrum
3537 1990 3646 2056 Do;

2069 2061 2271 2114 minuto
2300 2075 2639 2114 coronamus.
2670 2058 2841 2129 Caput
2870 2058 3251 2129 imperatorum
3276 2067 3455 2120 saeculi
3496 2069 3648 2126 istius

2069 2138 2263 2184 ornant
2292 2130 2619 2193 diademata;
2645 2145 2742 2183 nos
2763 2131 2881 2183 ideo
2904 2130 2967 2200 in_
2983 2131 3158 2200 capite
3180 2132 3339 2200 Regis
3367 2139 3533 2190 nostri
3556 2139 3648 2192 im-

2070 2201 2338 2268 ponimur,
2357 2206 2591 2252 uterne:
2612 2214 2679 2271 ur
2693 2214 2721 2251 a
2740 2200 2932 2271 capite.
2953 2198 3034 2271 illi
3044 2215 3151 2253 non
3168 2198 3486 2271 receperunt
3501 2206 3649 2261 Chri-

2070 2276 2229 2344 stum,
2253 2275 2309 2344 et
2328 2268 2624 2344 suscepturi
2653 2275 2777 2344 suut
2796 2268 3213 2334 Antichristum;
3243 2268 3341 2344 nos
3361 2276 3649 2344 recipimus

2072 2338 2235 2412 ﬁlium
2266 2338 2539 2402 humilem,
2569 2346 2627 2391 ut
2655 2337 2944 2412 habeamus
2979 2347 3165 2412 postea
3208 2337 3644 2412 triumphantem.

2070 2407 2138 2461 Et
2152 2408 2218 2462 ad
2240 2418 2535 2462 extremum
2564 2415 2747 2462 noster
2765 2407 2943 2461 hircus
2964 2406 3089 2463 ante
3108 2406 3320 2464 Domini
3342 2406 3651 2470 immolatur

2072 2479 2240 2550 altare
2264 2495 2279 2544 ;
2310 2477 2521 2550 illorum
2551 2477 2728 2550 hircus
2755 2476 3425 2550 Antichristusconsputus
3452 2492 3508 2538 et
3536 2502 3650 2540 ma-

2070 2548 2294 2629 lfdictus
2338 2546 2616 2629 projicitur
2658 2546 2725 2629 in
2755 2546 3059 2629 solitudine.
3104 2546 3313 2629 Νοεῑεξὶςἰ
3343 2551 3480 2608 latro
3522 2569 3648 2611 cum

2074 2618 2300 2672 Domino
2339 2606 2614 2684 ingressus
2651 2624 2731 2671 est
2774 2616 2828 2670 in
2868 2616 3213 2685 paradisum;
3259 2606 3469 2676 illorum
3512 2606 3651 2681 latro

2075 2686 2361 2761 homicida,
2385 2696 2549 2761 atque
2576 2686 2917 2761 blasphemus
2945 2687 3371 2761 moriturinisuo
3402 2704 3645 2761 peccato.

2073 2756 2182 2814 Illis
2209 2752 2480 2810 Barabbas
2507 2755 2643 2811 latro
2689 2752 3011 2820 dimittitur;
3056 2752 3209 2811 nobis
3236 2752 3479 2817 Christus
3506 2765 3651 2819 occi-

2075 2827 2235 2881 ditur.
2268 2825 2373 2881 Pro
2398 2826 2589 2894 quibus
2608 2826 2892 2890 universis,
2925 2824 3118 2896 fratres
3137 2828 3421 2896 carissimi,
3452 2847 3649 2887 conso-

2077 2912 2142 2973 tia
2173 2896 2373 2973 puriter
2399 2893 2535 2973 voce
2577 2904 2853 2973 cantemus
2893 2912 2906 2948 :
2939 2893 3178 2973 Hum-est
3204 2898 3319 2973 diei
3336 2893 3488 2973 quum
3530 2904 3670 2973 fecit.

2076 2964 2327 3040 pommus
2350 2984 2366 3019 :
2389 2964 2699 3040 eqsultcmus
2734 2965 3050 3040 et_lcutemur
3077 2966 3132 3019 in
3169 2984 3229 3020 ea
3257 2964 3427 3036 (Psal.
3463 2964 3647 3040 cx'vn).

2076 3035 2245 3112 Ignita
2273 3035 2543 3112 rumphzea
2571 3042 2627 3112 e_t
2652 3034 2880 3112 paradisi
2902 3033 3142 3112 januam,
3173 3033 3332 3112 quam
3356 3040 3529 3112 nullus
3551 3033 3652 3112 po-

1999 3124 2043 3185 C
2078 3102 2178 3185 luit
2207 3102 2559 3185 confringere,
2603 3102 2761 3185 hodie
2789 3102 3393 3185 Christusaper'uittad
3437 3102 3655 3179 angelos

2078 3174 2260 3227 dicens
2284 3174 2542 3249 :_Aperitg
2560 3174 2686 3249 milii
2727 3175 3179 3249 pqr'tasjustitiw,
3213 3188 3263 3229 et
3297 3174 3559 3249 ingressus
3598 3183 3654 3236 its

2078 3260 2166 3296 eas
2193 3239 2470 3311 conﬁtebor
2497 3239 2948 3319 Domino_(lbid.)'.
2968 3240 3098 3319 Quae
3125 3239 3244 3319 cum
3272 3239 3438 3302 semel
3466 3260 3653 3319 aperta

2079 3321 2179 3373 est,
2198 3310 2465 3379 nunquam
2486 3310 2823 3388 credentibus
2845 3310 3127 3388 clauditur.
3150 3312 3219 3367 Et
3238 3330 3304 3369 ex
3326 3331 3392 3371 eo
3414 3310 3657 3388 tempore

2078 3396 2187 3453 quo
2215 3396 2401 3450 passus
2433 3388 2525 3453 est
2548 3380 2817 3441 Dominus,
2849 3395 3018 3449 usque
3042 3380 3655 3453 inipnesentem'dietn,

2081 3452 2196 3507 haec
2219 3459 2372 3520 porta
2401 3450 2579 3520 clausa
2604 3457 2689 3504 est
2720 3457 2775 3505 et
2796 3460 3053 3520 reserata.
3071 3450 3262 3507 Clausa
3298 3462 3382 3509 est
3406 3450 3659 3520 peccato;-

2084 3519 2232 3575 ribus
2263 3529 2320 3575 et
2353 3519 2658 3584 incredulis;
2684 3527 2919 3588 reserata
2935 3528 3018 3573 est
3026 3519 3186 3588 justis
3213 3530 3269 3576 et
3294 3519 3655 3582 credentibus.

2083 3589 2187 3660 i’er
2215 3592 2351 3644 hanc
2377 3590 2647 3656 ingressus
2669 3598 2749 3643 est
2776 3587 2984 3651 Petrus,
3002 3587 3105 3660 per
3124 3592 3263 3647 hanc
3287 3594 3555 3660 ingressus
3577 3607 3658 3652 est

2082 3657 2298 3721 Paulus,
2330 3675 2427 3731 per
2455 3663 2591 3712 hanc
2618 3673 2819 3731 omnes
2844 3658 3014 3712 sancti
3043 3668 3097 3713 et
3132 3657 3397 3731 martyres
3425 3664 3660 3721 intrave-

2082 3736 2225 3792 runt,
2250 3727 2348 3798 per
2365 3729 2503 3782 hanc
2521 3728 2760 3799 quotidie
2788 3727 2857 3783 de
2873 3735 3000 3799 toto
3029 3728 3231 3785 mundo
3255 3727 3519 3799 iustorum
3543 3737 3661 3791 ani-

2082 3814 2181 3852 mae
2210 3797 2594 3871 inggediuntur.
2616 3797 2754 3871 _Qu:e
2799 3797 2940 3871 enim
2973 3808 3095 3852 sunt
3146 3797 3312 3868 porta:
3345 3803 3577 3871 paradisi
3608 3814 3662 3859 et

2083 3867 2580 3940 portaeEcclesize.
2616 3867 2974 3940 lntramusin
3018 3867 3228 3937 portam
3278 3867 3529 3940 paradisi.
3585 3874 3663 3928 Ita

2083 3953 2212 4006 ergo
2250 3937 2506 3992 debemus
2532 3938 2733 4003 vivere,
2765 3952 2833 3991 ne
2860 3937 3132 4005 ejiciamur
3166 3940 3233 3994 de
3260 3937 3423 3996 domo
3471 3942 3579 4005 illa,
3613 3952 3665 3996 et

2084 4006 2243 4076 eiecti
2291 4008 2432 4078 foras
2477 4023 2509 4061 a
2541 4007 2737 4078 bestiis
2765 4008 3104 4073 devoremur,
3138 4024 3269 4078 quas
3310 4011 3416 4065 alio
3458 4012 3512 4066 in
3543 4013 3662 4067 loco

2084 4078 2347 4146 propheta
2392 4076 2688 4130 formidans
2734 4076 3171 4131 commemorans
3204 4080 3281 4133 ait
3324 4098 3337 4133 :
3371 4079 3457 4134 Ne
3488 4083 3666 4135 tradas

2085 4147 2257 4198 bestiis
2276 4147 2533 4220 ‘animam
2578 4146 2903 4220 conﬁtentem
2944 4146 3035 4220 tibi
3072 4146 3243 4220 _(I_’sal.
3276 4152 3485 4220 Lsxm).
3528 4150 3667 4205 Ecce

2085 4231 2226 4270 nunc
2276 4214 2530 4288 Dominus
2558 4213 2713 4288 stans
2758 4214 2811 4267 in
2837 4214 3084 4288 paradisi
3108 4213 3272 4281 janua
3316 4213 3552 4288 loquitur
3600 4224 3666 4273 ad

2085 4300 2185 4338 nos
2212 4284 2301 4354 qui
2330 4299 2514 4339 sumus
2532 4283 2607 4354 ⁸ίιι
2648 4283 2813 4354 domo
2835 4283 3000 4354 ipsius
3025 4286 3353 4354 congregati,
3387 4283 3446 4341 et
3491 4288 3622 4341 dicit
3648 4307 3660 4340 :

2087 4350 2495 4427 llwcfestporfa
2520 4350 2728 4407 Domini
2750 4368 2767 4416 ;
2786 4350 3209 4427 justi__intrabunt
3234 4350 3328 4427 per
3354 4372 3470 4427 eam
3491 4357 3663 4427 (l‘snl.

2086 4425 2269 4493 ρει-ιι).
2305 4422 2597 4494 Quodipse
2623 4421 2877 4493 praestare
2905 4421 3169 4494 dignetur,
3201 4421 3293 4494 qui
3340 4425 3467 4479 vivit
3495 4421 3550 4480 et
3578 4442 3663 4481 re-

405 4495 545 4563 vela,
572 4493 672 4549 nisi
710 4502 767 4547 ut
803 4488 982 4547 ardeat
1016 4490 1164 4562 (Luc.
1215 4494 1309 4561 xu)
1334 4494 1356 4546 ?
1405 4493 1683 4547 Desiderat
1730 4488 1983 4549 Dominus
2011 4488 2062 4549 D
2088 4503 2213 4567 gnat
2232 4488 2293 4547 'iu
2323 4488 2520 4548 sarcula
2544 4488 2881 4548 steculorum.
2909 4488 3098 4546 Amen.

1760 4607 2026 4668 SERMO
2068 4607 2310 4669 XXIX.

1443 4731 1505 4785 lu
1532 4730 1804 4799 festivitate
1845 4728 1904 4782 S.
1948 4729 2198 4798 Stephani
2226 4730 2637 4798 protomartyris.

1874 4834 2260 4893 ADMONITIO.

482 4961 589 5031 91
620 4958 850 5031 Idipsum
880 4957 944 5011 de
968 4957 1070 5011 hoc
1097 4971 1363 5020 sermone,
1392 4970 1457 5011 ex
1488 4955 1592 5011 alio
1620 4954 1892 5011 Casinensi
1940 4951 2124 5007 codice
2152 4951 2284 5017 ωδ,
2317 4965 2440 5021 pag.
2482 4950 2576 5013 lii,
2615 4950 2906 5020 exscripto.
2936 4959 3227 5021 sanctoque
3252 4950 3483 5006 Maximo
3511 4957 3664 5010 attri-

408 5028 930 5096 bute—sentiendum
954 5036 1053 5081 est.

407 5125 802 5178 ARGUMENTUM.
835 5150 906 5161 -——
933 5118 1051 5171 Non
1083 5126 1185 5170 tam
1216 5114 1459 5187 fortitudo
1488 5117 1732 5187 martyris
1752 5116 1876 5170 dum
1896 5118 1985 5187 la-

483 5190 687 5262 pidibus
726 5192 1117 5262 opprimeretur,
1158 5188 1246 5240 sed
1287 5188 1399 5262 ejus
1440 5186 1758 5262 admirabilis
1796 5186 1986 5239 raritas

481 5257 539 5314 in
582 5257 903 5383 djprecando
946 5258 1110 5311 Deum
1138 5268 1230 5325 pro
1268 5257 1375 5309 suis
1401 5257 1810 5328 persecutoribus
1848 5271 1989 5309 com-

482 5348 597 5385 men
640 5342 775 5383 atur.

484 5468 629 5523 Inter
640 5475 928 5537 martyrum
943 5464 1394 5537 splendidissimus
1410 5463 1603 5518 classes
1615 5470 1668 5516 et
1694 5476 1991 5537 purpureos

410 5550 710 5610 martyrum
754 5527 1133 5610 choros-quiis
1180 5535 1496 5610 Salaminis
1536 5527 1986 5610 sanguis-infecit,

410 5600 574 5664 tanta
597 5608 796 5676 fulgore
824 5599 1038 5661 sanctus
1062 5605 1362 5674 Stephanus
1384 5602 1625 5676 radiavit,
1649 5599 1713 5676 ut
1742 5600 1866 5653 dum
1896 5599 1990 5652 ad-

410 5680 524 5737 huc
548 5671 783 5734 divinum
812 5678 1035 5730 sustinet
1075 5671 1366 5744 patentium,
1399 5673 1567 5743 ipsum
1609 5671 1769 5725 etiam
1808 5678 1994 5740 pateat

658 5778 929 5832 Parnm“
980 5767 1162 5827 LVII.

2091 5114 2305 5185 gmlum.
2340 5110 2630 5185 Praeclarus
2659 5112 2836 5185 igitur
2858 5112 3055 5185 athleta
3100 5110 3194 5166 Dei
3230 5126 3430 5185 unetus
3467 5116 3668 5185 Spiritu

2092 5183 2186 5238 Dei
2209 5184 2275 5237 ad
2306 5183 2533 5237 stadium
2565 5182 2868 5236 certaminis
2916 5183 3115 5250 primus
3156 5183 3341 5247 exivit,
3380 5192 3435 5238 et
3462 5182 3664 5241 tantam

2096 5255 2330 5308 victoria:
2340 5254 2563 5322 adeptus
2575 5259 2656 5305 est
2677 5251 2984 5322 gloriammt
3005 5252 3206 5322 primus
3226 5255 3493 5322 acciperet
3506 5270 3634 5309 coro
3649 5286 3663 5294 -

2095 5338 2238 5376 nam.
2263 5322 2417 5392 illiles
2444 5320 2643 5374 Christi
2675 5320 2876 5392 lidelis,
2907 5319 3123 5392 signifer
3158 5319 3451 5392 martyrum
3492 5324 3662 5389 fortis,

2096 5401 2217 5461 post
2242 5391 2513 5461 Christum
2554 5406 2677 5461 mox
2701 5390 2854 5461 inter
2874 5390 3044 5461 aciem
3081 5390 3278 5461 diaboli
3301 5390 3665 5461 pertransivit,

2094 5458 2150 5515 et
2189 5460 2478 5531 martyriali
2522 5458 2747 5531 caudida
2793 5459 3024 5528 inclytus
3046 5458 3407 5531 triumphavit.
3435 5458 3664 5516 Secutus

2095 5531 2236 5583 enim
2268 5525 2547 5601 Dominum
2593 5525 2864 5601 Christum
2896 5525 3133 5600 martyrii
3165 5525 3361 5601 nieruit
3391 5532 3663 5601 principa-

2096 5609 2228 5670 tum,
2256 5610 2448 5670 etcum
2476 5598 2541 5651 ad
2568 5598 2746 5652 crucis
2774 5600 3015 5670 pervenit
3040 5598 3211 5669 signa,
3238 5598 3411 5670 priori
3430 5602 3496 5655 de
3522 5598 3659 5656 curio

2098 5669 2324 5723 mittitur
2342 5668 2535 5737 palma,
2563 5683 2791 5738 cumque
2818 5667 3031 5723 festinat
3061 5667 3216 5735 niori,
3236 5667 3435 5739 primus
3457 5670 3656 5725 deside-

3301 5762 3379 5819 ω
