4138 6196
403 303 519 360 915

1802 309 2034 368 SERMO
2071 312 2254 370 XXXI.

3567 318 3676 377 θη

406 415 742 497 impendunt,
766 430 875 485 quo
902 418 1176 497 proximos
1194 432 1321 474 suos
1346 431 1538 497 omnes
1558 430 1673 474 esse
1698 418 1899 497 electos
1920 437 1981 477 ac
2009 427 2055 485 Α
2085 423 2279 497 diving
2306 425 2585 497 suavitatis
2611 425 2915 497 complevit.
2960 426 3130 487 Porro
3159 438 3405 487 octavum
3436 440 3562 489 ante
3605 432 3669 487 ti-

406 484 518 539 lleo
538 486 763 540 dilectos
782 484 1095 553 agnoscunt,
1128 503 1233 555 quo
1244 486 1419 555 corda
1447 488 1655 542 illorum
1677 504 1783 541 non
1808 492 1984 545 minus

402 569 566 627 quam
596 570 691 608 sua
717 555 931 627 sincero
959 554 1157 611 amore
1171 554 1366 611 referta
1389 558 1742 627 perspiciunt,
1771 573 1839 612 eo
1862 559 1982 627 illos

404 624 508 694 ipsi
530 640 636 678 non
659 625 835 694 minus
862 639 1020 693 quam
1042 626 1247 694 seipsos
1275 624 1458 680 amare
1493 624 1845 681 delectantur.
1878 626 1986 683 Sed

405 701 461 747 et
483 693 589 748 hoc
615 693 927 759 notandum,
952 696 1043 763 qui
1069 693 1309 763 exposita
1339 694 1673 750 dedicatione
1702 711 1764 751 ac
1786 696 1987 751 festivi-

405 770 518 816 tate
544 763 850 830 subsecuta,
882 764 953 817 ita
991 764 1269 832 Scriptura
1290 765 1553 819 conclusit
1595 783 1608 818 :
1636 767 1651 796 ¹
1676 764 1751 827 Et
1792 766 1988 820 dimisit

405 834 620 905 populos
651 832 898 905 Salomon
918 874 933 898 ,
963 835 1046 905 qui
1077 833 1430 887 benedicentes
1458 835 1565 903 regi
1596 836 1819 905 profecti
1868 846 1988 889 sunt

406 902 826 974 in_tabernacula
845 918 939 974 sua
968 902 1201 974 lwtanges
1221 911 1270 956 et
1297 905 1459 974 alacri
1481 902 1662 974 corde,
1693 902 1845 974 super
1872 921 1984 958 om-

406 970 553 1024 nibus
582 970 729 1024 bonis
756 973 1087 1094 qutelecerat
1116 970 1363 1026 Dominus
1404 972 1568 1026 David
1610 970 1763 1028 servo
1800 991 1891 1031 suo
1937 984 1987 1029 et

408 1039 579 1094 Israel
601 1042 790 1094 poculo
822 1040 873 1094 (Ι
929 1039 1165 1094 Paraliu.
1200 1043 1313 1094 vnl.
1338 1041 1581 1094 Dimittet
1604 1043 1744 1094 enim
1766 1052 1985 1094 neracto

408 1039 579 1094 Israel
601 1039 790 1113 populo
822 1039 908 1111 (ΙΙ
929 1039 1165 1113 Para_lip.
1200 1043 1313 1113 vn).
1338 1041 1581 1113 Dimittet
1604 1043 1744 1097 enim
1766 1052 1985 1113 peracto

406 1111 813 1164 resurrectionis
832 1110 1054 1164 munere
1065 1110 1320 1164 Dominus
1341 1111 1543 1164 electos
1561 1127 1686 1167 suos
1704 1113 1756 1166 in
1770 1110 1985 1167 'azterna

410 1179 754 1233 tabernacula
804 1178 1077 1245 lmtantes;
1109 1195 1214 1232 non
1245 1195 1338 1234 eos
1368 1181 1550 1247 utique
1579 1183 1799 1235 ulterius
1828 1198 1858 1235 a
1887 1197 1983 1235 sua

409 1248 718 1327 praesentia,
747 1248 1173 1327 removens,rsed
1205 1265 1235 1327 ξι
1264 1249 1569 1327 discrimine
1591 1250 1806 1327 judicii,_
1834 1251 1985 1327 quod

406 1317 460 1370 in
493 1332 620 1371 aere
646 1318 882 1377 futurum
912 1317 1171 1387 Apostolo
1191 1318 1417 1372 docente
1451 1319 1711 1383 novimus,
1744 1320 1809 1374 ad
1832 1317 1985 1374 inha-

406 1387 721 1458 bitationem
752 1388 935 1455 patria:
963 1387 1195 1443 cmlestis
1236 1388 1558 1458 immittens,
1578 1390 1718 1443 unde
1749 1405 1848 1458 pro
1876 1390 1987 1446 suis

404 1456 633 1528 quisque
680 1458 886 1528 meritis
920 1458 1233 1528 promissam
1278 1458 1438 1528 regni
1469 1456 1650 1511 sedem
1702 1456 1981 1528 percipiat.

404 1471 633 1523 tuisque
680 1470 886 1511 meritis
920 1472 1233 1525 pronussam
1278 1470 1427 1523 regni
1469 1470 1650 1511 seuera
1702 1470 1981 1528 percipiat.

404 1470 557 1589 {Quod
579 1528 719 1596 enim
742 1526 830 1581 hic
858 1526 1113 1596 populiin
1136 1527 1476 1596 tabernacula
1502 1541 1596 1580 sua
1617 1526 1845 1596 profecti
1867 1543 1987 1582 esse

404 1596 670 1664 dicuntur,
703 1595 808 1649 hoc
831 1604 913 1648 est
930 1595 1174 1663 profecto
1201 1596 1347 1664 quod
1375 1595 1629 1651 Dominus
1660 1598 1710 1650 in
1742 1596 1985 1664 Evange-

404 1663 503 1735 lio_
528 1664 604 1735 ai_t
638 1681 653 1717 :
690 1666 799 1735 99
824 1664 1005 1735 ﬂuitat
1057 1674 1175 1718 sunt
1220 1663 1510 1735 mansiones
1537 1666 1588 1719 in
1616 1668 1766 1720 domo
1810 1663 1987 1720 Patris

403 1733 505 1785 mei
535 1732 723 1803 (JoanI
750 1732 883 1803 inv).
917 1733 1059 1788 Bene
1083 1743 1259 1787 autem
1288 1734 1500 1798 dicitur,
1538 1736 1629 1803 qui
1657 1735 1982 1792 benedicen~

404 1780 502 1882 is;
521 1780 1073 1885 iegﬁrp'tc'cifslihi
1083 1780 1985 1885 ξεῖ-ἱέμῑεῑ-ξάξςῷέε,ἲῗὰιῇξῑιξξνέέι
2016 1780 2060 1838 B

404 1871 656 1925 nimirum
685 1871 799 1926 Sola
824 1873 965 1927 actio
986 1872 1316 1939 quietissima
1349 1888 1412 1927 ac
1451 1871 1755 1928 felicissima
1783 1876 1983 1930 civium

404 1955 761 2012 supernorum
791 1943 1016 2012 hymnos
1040 1943 1330 2012 gratiarum
1351 1957 1448 2012 suo
1477 1940 1655 2012 dicere
1682 1943 1985 2000 Conditori.

406 2008 543 2064 llinc
567 2012 764 2065 etenim
792 2008 1150 2080 scriptttm'est
1178 2030 1190 2063 :
1226 2010 1372 2081 Beati
1400 2012 1483 2081 qui
1504 2011 1735 2081 habitant
1756 2014 1810 2067 in
1832 2013 1985 2068 domo

405 2089 522 2151 tua;
550 2081 607 2151 in
639 2080 882 2135 saeculum
928 2082 1101 2135 διεσαιὶ
1142 2080 1423 2135 laudabunt
1446 2088 1494 2134 te
1520 2080 1703 2151 (Psal.
1734 2084 1977 2143 Lxxxnt).

403 2148 540 2204 Hinc
561 2149 699 2204 idem
724 2151 985 2221 propheta
1009 2151 1223 2204 ultimos
1242 2158 1446 2219 septem
1469 2148 1702 2219 psalmos
1723 2152 1775 2205 in
1793 2150 1980 2205 laudes

2089 509 2209 548 nem
2227 492 2576 569 'Psglteriide
2603 492 2827 569 victoria
2871 512 3060 567 pugna:
3096 515 3200 566 qua
3232 503 3498 569 gigantem
3524 511 3665 558 ειπερ

2087 571 2259 642 verat,
2290 562 2455 642 Deum
2486 565 2851 642 benedicendo
2873 562 3188 642 complevit.
3222 562 3323 625 Ubi
3354 582 3539 642 aperte
3578 573 3671 627 ἰη-

2088 632 2229 687 dicat
2271 634 2615 707 quiauomnes
2654 637 2872 707 quighic
2908 632 3124 707 maligni
3164 641 3334 696 hostis
3371 632 3663 695 certamina

2089 710 2363 782 superant,
2394 703 2500 782 illic
2529 704 2581 782 in
2621 703 2806 775 requie
2833 722 2959 782 ver_a
2988 703 3201 782 laudem
3231 712 3311 764 sui
3339 711 3664 782 Redempto-

2087 771 2160 825 ris
2188 779 2242 851 et
2264 771 2524 851 adjutoris
2548 771 2851 851 decatitant.
2892 777 3283 851 ‘Benedicentes,
3334 781 3525 849 inquit,
3545 771 3665 851 ἠ’ῃί

2086 842 2301 910 profecti
2348 852 2468 895 sunt
2506 845 2561 896 in
2608 843 2936 899 tabernacula
2984 864 3077 902 sua
3120 842 3353 903 lwtan'tes
3402 842 3453 903 ct
3500 842 3665 904 alacri

2087 910 2257 988 corde,
2289 926 2439 980 super
2466 914 2698 988 omnibus
2742 913 2887 988 bonis
2915 933 3029 988 qua
3058 919 3245 988 fecerat
3275 918 3525 974 Dominus
3555 918 3668 972 Da-

2089 978 2453 1060 sfrro‘suo
2494 992 2543 1036 et
2591 982 2761 1060 Israel
2807 978 3438 1060 populo_suo._'L:etantes
3465 988 3667 1058 quippe

2086 1050 2249 1171 δυο
2272 1050 2398 1115 justi
2429 1066 2591 1120 super
2618 1052 2773 1107 bonis
2801 1050 2919 1121 quae
2953 1072 2981 1109 a
3006 1056 3230 1111 Domino
3260 1050 3683 1127 accipiunt,'ta--

2123 1120 2369 1171 ernacula
2424 1121 2697 1171 introeunt
2752 1124 3047 1171 cmlestinm
3108 1128 3473 1171 mnngimmme
3536 1128 3660 1171 nnis

2123 1120 2371 1192 ernacula
2424 1121 2697 1192 introeunt
2752 1120 3048 1178 caelestium
3108 1120 3473 1192 mansionum;
3536 1120 3662 1192 quia

2087 1189 2330 1265 quamvis
2356 1189 2517 1265 hujus
2532 1204 2735 1265 graves
2751 1194 2938 1265 _sgeculi
2968 1194 3183 1265 fuerint,
3222 1189 3475 1265 longique
3504 1189 3661 1251 labo-

2087 1272 2194 1321 res,
2225 1258 2387 1335 breve
2416 1260 2664 1335 nimirum
2699 1261 2922 1335 _videtur
2938 1272 3001 1335 _e_t
3037 1258 3179 1335 _leve'
3201 1258 3373 1327 totum
3390 1258 3662 1335 quidquid

2058 1332 2061 1336 ’
2086 1336 2286 1403 teterna
2314 1329 2673 1403 beatitudine
2693 1328 2903 1403 finitur:
2938 1331 3088 1403 Unde
3106 1343 3350 1403 oportet,
3378 1328 3658 1399 carissimi.

2090 1396 2226 1471 utin
2253 1397 2604 1471 mdificatione
2643 1399 2831 1471 domus
2878 1401 2972 1455 Dei
3017 1396 3380 1471 unusquisque
3420 1396 3663 1459 nostrum

2087 1465 2443 1543 exhortando,
2457 1468 2828 1543 _obsecrando,
2859 1465 3209 1543 increpando,
3258 1465 3372 1541 ipse
3399 1474 3502 1543 piis
3524 1474 3661 1528 acti-

2087 1533 2186 1611 bus
2215 1536 2529 1611 insudando,
2572 1533 3371 1611 quantumvalet-insistat[ne
3393 1533 3439 1597 si
3468 1558 3685 1611 quem»

2089 1604 2231 1671 piam
2260 1621 2355 1659 rex
2387 1604 2623 1681 cmlestis
2648 1623 2787 1681 nunc
2824 1609 3058 1665 desidem
3091 1611 3145 1681 _in
3175 1604 3340 1681 opere
3367 1614 3448 1666 sui
3476 1604 3657 1681 templi

2088 1675 2461 1743 conspexerit.
2510 1677 2651 1747 hunc
2696 1678 2747 1732 in
2801 1685 3045 1747 tempore
3082 1675 3271 1735 futura:
3308 1675 3658 1737 dedicationis

2088 1758 2289 1811 magum
2316 1760 2424 1818 sua:
2449 1746 2803 1818 solemnitatis
2818 1746 3006 1803 reddat
3033 1759 3319 1805 exsortem.
3345 1751 3658 1818 Satagatnus

2086 1822 2271 1868 mutuo
2299 1815 2536 1869 caritatis
2556 1817 2773 1881 auxilio,
2799 1818 2939 1872 unde
2968 1834 3155 1873 omnes
3179 1836 3278 1873 nos
3307 1815 3658 1875 alacri'eurdo

2080 1890 2134 1935 et
2163 1882 2457 1958 indefessos
2477 1885 2803 1958 inoperibus
2822 1902 2939 1958 quge
2960 1888 3072 1955 ipse
3093 1891 3364 1958 praecepit,
3387 1897 3659 1958 perpetuat

2080 1966 2189 2004 sua:
2253 1951 2476 2007 visionis
2528 1951 2854 2008 introducat‘
2887 1951 3042 2010 lesus
3095 1951 3360 2012 'Chrisius'
3392 1951 3659 2013 Dominus

2083 2029 2287 2091 noster,
2314 2022 2404 2090 qui
2425 2022 2557 2076 vivit
2584 2032 2639 2077 et
2666 2026 2853 2091 regnat
2882 2042 3002 2080 cum
3029 2024 3189 2080 Patre
3210 2028 3350 2083 Deus
3372 2028 3423 2081 in
3454 2028 3658 2082 unitate

2084 2088 2313 2159 Spiritus
2328 2088 2495 2147 sancti
2509 2108 2606 2162 per
2620 2109 2705 2149 om
2715 2088 2797 2148 nia
2814 2096 3003 2150 smcula
3019 2098 3351 2151 smeulorum.
3362 2096 3549 2152 Amen.

1744 2241 2011 2302 SERMO
2069 2242 2310 2303 XXXI.

406 2336 468 2390 In
488 2339 882 2415 octava_Sa‘ncti
903 2338 1173 2407 Stephani.
1202 2338 1533 2415 Evangelium
1562 2341 1840 2415 secundum
1866 2340 2166 2415 Matt/tarum
2196 2356 2326 2415 cup._
2344 2357 2449 2415 χχιι
2477 2360 2488 2391 :
2522 2340 2587 2394 In
2618 2343 2705 2397 illo
2725 2353 2977 2415 tempore,
3011 2363 3125 2400 cum
3154 2348 3371 2402 venisset
3404 2346 3652 2402 Dominus

470 2406 622 2488 Iesus
650 2406 1038 2488 ςςιρΙιιιιςηαιιηξζ
1053 2406 1380 2488 accesserunt
1421 2412 1504 2479 qui
1543 2410 1841 2463 didrachma
1889 2409 2209 2480 accipiebant
2257 2406 2326 2463 ad
2367 2411 2596 2478 Petrum,
2626 2422 2673 2465 et
2699 2406 2939 2470 dixerunt
2964 2406 3024 2469 ἐἰ
3048 2433 3065 2469 :
3094 2416 3343 2488 Magister
3370 2429 3529 2472 vester
3548 2434 3650 2472 non

472 2479 622 2531 solvit
647 2477 967 2532 didrachma.
992 2478 1060 2531 Et
1085 2477 1294 2547 reliqua.

1836 2567 2222 2623 ADMONITIO.

472 2657 789 2736 (_Juhmiiujus
812 2674 1027 2736 quoque
1048 2662 1310 2736 sermonis
1330 2662 1494 2736 dictio
1523 2662 1675 2736 nobis
1700 2678 1734 2736 _a
1756 2661 2073 2736 lilaxirniana
2102 2663 2452 2736 dissimillima
2483 2663 2744 2736 videatur,
2776 2657 3030 2721 eumdem
3055 2667 3107 2721 in
3142 2669 3335 2722 nothos
3363 2669 3650 2736 rejicimus,

403 2730 505 2806 etsi
533 2728 602 2809 8η-
617 2728 1097 2809 Μειχίιιιῑοιίιῐομιηι
1120 2733 1335 2809 nomine
1362 2733 1415 2787 in
1446 2732 1563 2788 cod.
1597 2732 1881 2787 Mediolau.
1914 2732 2112 2787 Frisius
2133 2733 2271 2788 idem
2301 2734 2581 2802 repererit,
2615 2728 2768 2804 cujus
2794 2751 2826 2789 a
2845 2737 3073 2791 nobisin
3104 2728 3464 2793 admonitione
3491 2728 3652 2809 supe;

405 2797 550 2853 riore
580 2798 711 2853 facta
740 2807 817 2853 est
841 2800 1039 2853 mentio
1065 2815 1185 2854 cum
1212 2801 1383 2857 laude.

404 2914 887 2988 Anc_uttt-:x'r_uu.——
913 2914 1224 2988 Evangelica
1245 2918 1532 2970 litteraliter
1559 2919 1864 2988 mysticeque
1890 2933 1983 2971 ex-

472 2984 676 3057 plicata!
691 2985 905 3057 lectione
934 3002 958 3057 :A
984 2984 1153 3038 Piscis
1177 2987 1289 3057 iste.
1319 2988 1480 3057 inquit
1502 2984 1680 3057 auctor
1707 2984 1981 3051 sermonis,

472 3054 558 3123 qui
598 3055 793 3125 primus
822 3055 890 3125 ad
939 3055 1142 3107 hamum
1171 3055 1317 3108 Petri
1363 3054 1615 3120 ascendit,
1644 3066 1981 3125 congruenter

474 3120 649 3190 potest
664 3124 961 3194 significare
986 3134 1410 3194 protomartyrem
1432 3120 1765 3194 Stephanum:

475 3255 741 3323 Tempore
768 3257 965 3379 quigpe
994 3258 1214 3324 Augusti
1259 3257 1482 3312 Cmsaris
1500 3257 1680 3311 Judata
1720 3258 1857 3313 facta
1899 3267 1980 3313 est

475 3326 709 3379 ,butaria.
731 3335 787 3379 et
822 3342 851 3379 a
912 3327 1199 3379 iussionem
1228 3328 1393 3379 ipsius
1421 3328 1778 3379 unusunisaue
1808 3330 1858 3379 in
1888 3345 1977 3379 re-

410 3326 709 3388 tributaria,
731 3335 787 3379 et
822 3326 889 3379 ad
905 3327 923 3388 j

404 3398 564 3463 gione
587 3410 683 3449 sua
710 3401 766 3449 et
793 3396 1007 3449 civitate
1054 3411 1270 3451 censum
1300 3397 1671 3465 profitebatur.
1707 3396 1855 3452 Unde
1881 3397 1978 3452 Jo-

403 3466 533 3535 rcph
556 3479 676 3535 cum
702 3464 1045 3535 beata_Maria
1070 3464 1365 3520 ascendens
1393 3482 1421 3519 a
1445 3466 1661 3521 Galilaea
1685 3468 1737 3521 in
1759 3467 1975 3522 Bethle-

406 3532 821 3605 Ite—mrcivitatem
849 3532 1064 3605 _Judteze,
1094 3544 1153 3605 ut
1180 3535 1520 3605 profiteretur
1552 3538 1621 3591 ibi
1650 3553 1889 3602 censum,
1910 3553 1977 3592 eo

404 3604 551 3675 quod
580 3611 722 3675 esset
745 3602 811 3657 de
830 3603 993 3675 domo
1021 3612 1074 3657 et
1096 3602 1291 3660 familia
1313 3604 1498 3661 David.
1523 3606 1627 3661 Sed
1651 3607 1775 3675 quia
1798 3606 1979 3660 Domi-

402 3689 504 3745 nus
530 3673 583 3745 in
614 3673 873 3745 Nazareth
903 3673 1081 3745 fuerat
1115 3676 1371 3745 nutritus,
1403 3676 1548 3745 quod
1590 3673 1682 3731 est
1721 3676 1975 3745 oppidum

400 3743 634 3814 Galilzrze
661 3742 945 3809 subjiciens
973 3744 1087 3797 urbi
1134 3742 1507 3814 Capharnaum
1526 3786 1540 3810 ,
1573 3746 1694 3800 ideo
1721 3742 1979 3813 esposce-

403 3814 572 3883 batur,
588 3811 654 3866 ab
678 3827 745 3866 eo
770 3827 991 3877 census;
1019 3811 1270 3879 quoniam
1300 3831 1487 3870 omnes
1517 3816 1700 3870 novitii
1729 3811 1820 3883 qui
1856 3815 1980 3871 illuc

402 3881 690 3952 veniebant
732 3896 951 3952 censum
1010 3882 1415 3950 proﬁtebantur.
1448 3885 1514 3939 Et
1554 3888 1678 3952 quia
1707 3881 1814 3940 non
1862 3886 1977 3940 ausi

401 3959 529 4023 sunt
572 3950 641 4002 ad
664 3951 945 4023 Dominum
976 3952 1231 4007 accedere
1258 3969 1366 4023 pne
1409 3950 1768 4022 magnitudine
1811 3955 1976 4009 mira-

399 4021 664 4080 culorum,
700 4020 839 4092 _ideo
884 4020 1351 4076 circumvenerunt
1383 4020 1698 4092 discipulum
1728 4024 1844 4092 ejus
1874 4023 1976 4079 Pe-

402 4099 567 4155 trum,
614 4098 668 4141 et
699 4089 1160 4159 interrogaverunt
1205 4092 1249 4148 si
1300 4089 1549 4159 magister
1579 4094 1720 4148 illius
1747 4089 1979 4147 solveret

399 4159 730 4229 didracluna.
766 4158 1233 4225 interrogaverunt
1272 4162 1356 4213 vel
1396 4158 1631 4229 isitnplici
1681 4162 1977 4216 intentione

403 4239 462 4280 ut
490 4228 794 4296 acciperent
827 4244 1067 4295 censum,
1098 4239 1189 4283 aut
1217 4238 1363 4284 certe
1404 4228 1666 4284 malitiose
1691 4269 1705 4291 ,
1737 4238 1792 4284 ut
1814 4245 1979 4298 agno-

400 4307 619 4352 scerent
640 4306 819 4351 utrum
847 4298 1093 4353 redderet
1119 4314 1357 4363 censum,
1383 4314 1449 4352 an
1478 4301 1871 4355 contradiceret
1892 4316 1981 4355 vo-

404 4368 595 4420 luntati
623 4366 866 4431 Caesaris,
890 4375 1155 4435 quatenus
1190 4369 1489 4423 invenirent
1518 4370 1854 4425 occasionem
1884 4385 1974 4425 ac-

401 4437 625 4490 cusandi
654 4452 797 4490 eum.
819 4436 885 4490 Et
911 4438 1035 4506 quia
1066 4448 1347 4494 exactores
1385 4454 1576 4493 census
1604 4455 1845 4493 seorsum
1875 4442 1982 4495 cir-

400 4514 784 4560 cumvenerant
808 4506 1047 4570 Petrum,
1079 4508 1280 4563 idcirco
1310 4525 1429 4562 cum
1460 4510 1695 4564 venisset
1722 4509 1980 4564 Dominus

401 4576 641 4649 domum,
665 4584 950 4649 antequam
976 4574 1164 4630 Petrus
1186 4579 1235 4632 ei
1264 4577 1462 4649 aliquid
1484 4587 1812 4646 suggereret,
1838 4597 1978 4649 prae-

905 3317 1199 3392 ]ussionem
1228 3328 1393 3396 ipsius
1421 3328 1778 3396 unusquisque
1807 3330 1858 3383 in
1888 3345 1977 3383 re-
2006 3317 2052 3380 C

2081 2918 2264 2991 jestati
2286 2919 2573 2975 reddimus.
2606 2920 2722 2990 lpse
2742 2922 2938 2991 quippe
2959 2937 3058 2991 pro
3082 2920 3236 2975 nobis
3269 2937 3488 2974 censum
3532 2922 3655 2976 red-

2084 2988 2299 3061 diditet
2344 3005 2555 3044 crucem
2610 2988 2791 3045 subiit.
2833 2988 3196 3061 Nos—quoque
3242 2991 3651 3061 tributumnou

2084 3058 2371 3129 reddimus,
2398 3068 2452 3112 et
2491 3061 2643 3129 quasi
2667 3061 2925 3115 tributum
2966 3058 3073 3115 non
3108 3058 3325 3123 dantes,
3368 3060 3531 3113 veluti
3564 3058 3676 3114 lilii

2081 3126 2222 3192 regis
2250 3126 2523 3198 inimunes'
2543 3144 2571 3181 a
2594 3131 2937 3195 vectigalibus
2965 3143 3164 3184 sumus.
3194 3128 3416 3198 Oportet
3441 3142 3569 3196 ergo
3600 3137 3655 3184 ut

2081 3195 2562 3266 census_bonorum
2584 3214 2797 3266 semper
2821 3200 2893 3251 illi
2916 3200 3135 3253 reddere
3155 3195 3462 3253 studeamus
3514 3198 3654 3253 Dixit

2084 3263 2157 3317 illi
2190 3281 2222 3336 εΔ
2252 3262 2393 3333 Ergo
2422 3265 2569 3318 liberi
2616 3262 2732 3319 sunt
2762 3268 2858 3334 ﬁlii
2882 3266 3094 3333 (Matth.
3126 3268 3277 3336 xvu).
3309 3268 3364 3321 Si
3411 3269 3551 3323 enim
3600 3268 3653 3321 in

2082 3333 2226 3386 omni
2256 3347 2421 3401 regno
2442 3344 2495 3389 et
2523 3336 2739 3388 natione
2762 3333 2854 3389 lilii
2883 3336 3025 3403 regis
3054 3337 3204 3389 liberi
3239 3333 3362 3389 Sunt
3384 3346 3439 3391 et
3459 3338 3653 3390 immu-

2078 3417 2173 3457 nes
2193 3417 2221 3455 a
2243 3404 2610 3471 vectigalibus,
2635 3405 2803 3459 multo
2823 3405 2991 3471 magis
3019 3405 3106 3459 ille
3130 3405 3266 3458 filius
3284 3407 3469 3458 :eterni
3493 3406 3655 3471 Regis

2078 3472 2175 3554 sub
2204 3488 2311 3554 quo
2357 3474 2657 3554 constituta
2698 3486 2821 3528 sunt
2866 3475 3110 3554 universa
3161 3489 3323 3541 regna
3366 3484 3651 3554 terrarum2

2078 3541 2329 3609 Sequitur
2357 3552 2536 3598 autem
2571 3562 2583 3596 :
2613 3544 2680 3599 Ut
2701 3561 2803 3599 non
2846 3544 3252 3598 scandalizemus
3298 3560 3402 3603 eos.
3433 3544 3560 3596 vade
3583 3544 3653 3595 ad

2077 3628 2243 3683 mare,
2274 3621 2322 3665 et
2351 3612 2491 3666 mitte
2508 3613 2744 3683 hamum,
2794 3624 2842 3665 et
2869 3629 2983 3666 eum
3012 3616 3200 3682 piscem
3240 3615 3322 3683 qui
3351 3615 3546 3683 primus
3571 3630 3653 3666 as-

2077 3682 2305 3752 cenderit
2329 3682 2469 3737 tolle.
2501 3680 2571 3735 Et
2593 3691 2768 3752 aperto
2807 3699 2894 3735 ore
2931 3680 3042 3752 ejus
3067 3680 3288 3736 invenies
3317 3680 3576 3752 staterem,
3601 3693 3652 3733 et

2078 3751 2223 3833 illum
2251 3767 2476 3833 sumens,
2531 3755 2599 3804 da
2627 3751 2707 3805 eis
2734 3769 2825 3833 pr‘o
2850 3751 2963 3833 tne
2987 3762 3035 3833 et
3061 3770 3153 3821 pro
3184 3761 3231 3805 te
3278 3751 3485 3833 (Ιὸξιλ.)⁵
3515 3751 3653 3833 Dicit

2077 3820 2265 3891 beatus
2318 3820 2722 3891 Hieronymus:
2766 3821 2899 3886 Quid
2952 3820 3181 3889 primum
3230 3820 3391 3875 mirer
3439 3823 3489 3891 in
3547 3820 3655 3873 hoc

2078 3889 2233 3959 loco;
2261 3890 2438 3944 nescio
2460 3906 2513 3959 pr
2525 3889 2847 3945 inscientiam
2870 3891 3080 3944 Domini
3101 3899 3190 3944 aut
3211 3890 3647 3958 magnitudinem.

2080 3957 2419 4014 Prmscientia
2442 3957 2671 4028 namque
2700 3960 2839 4014 illius
2867 3960 3175 4014 admiranda
3203 3957 3452 4029 est,iquia
3482 3973 3651 4026 agno-

2082 4030 2154 4084 vit
2188 4029 2316 4098 quid
2346 4030 2399 4081 in
2448 4029 2711 4099 profundo
2752 4031 2915 4083 maris
2954 4039 3230 4097 ageretur,
3261 4038 3314 4084 et
3342 4030 3467 4098 quid
3494 4029 3655 4097 piscis

2082 4100 2258 4168 inore
2302 4098 2557 4164 gestaret,
2587 4110 2643 4168 et
2670 4100 2790 4164 quis
2807 4099 2884 4168 de
2910 4107 3053 4151 tanta
3087 4100 3423 4153 multitudine
3451 4098 3656 4168 primus

2080 4166 2151 4229 ad
2178 4166 2390 4235 hamum
2421 4167 2750 4235 ascenderet.
2803 4166 3110 4233 Magnitudo
3158 4168 3338 4235 itaque
3383 4166 3658 4221 et'virtus

2082 4235 2245 4303 ipsius
2291 4233 2603 4287 admiranda
2647 4244 2748 4297 est,
2799 4235 2843 4287 si
2865 4236 3045 4287 statim
3074 4235 3141 4288 ad
3167 4233 3460 4301 iussionem
3513 4237 3659 4289 illius

2078 4313 2291 4359 creatus
2317 4313 2401 4357 est
2428 4312 2594 4373 stater
2622 4304 2674 4356 in
2704 4319 2796 4358 ore
2824 4305 2986 4372 piscis
3019 4322 3031 4355 :
3066 4319 3187 4357 nam
3236 4304 3377 4373 quod
3415 4303 3664 4373 futurum

2081 4382 2197 4427 erat
2224 4373 2341 4427 solo
2361 4374 2528 4427 verbo
2558 4372 2711 4437 fecit;
2742 4373 3139 4427 demonstratur
3161 4372 3302 4426 enim
3332 4372 3416 4426 his
3445 4372 3666 4426 indiciis

2080 4444 2227 4497 illum
2257 4458 2374 4497 esse
2401 4443 2467 4497 de
2494 4457 2600 4511 quo
2643 4442 2903 4511 propheta
2933 4442 3061 4496 dicit
3094 4460 3105 4495 :
3137 4440 3207 4495 Et
3252 4443 3387 4497 oculi
3415 4441 3527 4511 ejus
3568 4442 3664 4511 iit--

2082 4519 2283 4583 tuentur
2312 4509 2573 4583 profunda
2603 4509 2773 4582 abyssi
2803 4512 2821 4581 (
2846 4512 3052 4583 Daniel.
3086 4529 3139 4567 ut
3163 4513 3200 4580 ).
3232 4511 3339 4567 Sed
3379 4509 3534 4564 valde
3557 4509 3654 4583 _ad-

2080 4580 2323 4636 miranda
2340 4580 2422 4637 est
2451 4580 2750 4637 Judmorum
2782 4582 3023 4652 perfidia,
3046 4583 3169 4651 quia
3200 4591 3318 4636 etim
3349 4587 3528 4652 essent
3556 4580 3663 4652 lto-

402 4645 723 4730 veniteum;
752 4652 810 4699 ut
830 4646 955 4699 dum
976 4648 1141 4730 sancti
1168 4645 1395 4730 apostoli
1418 4645 1805 4730 cognoscerent
1827 4645 1974 4703 illum
2010 4672 2058 4730 ι)
2082 4654 2253 4730 mines
2289 4652 2650 4730 rationabiles.
2686 4645 2800 4730 hod
2828 4645 3101 4705 inventum
3149 4660 3239 4705 est
3272 4653 3321 4704 in
3352 4650 3649 4730 orepiscis,

402 4714 701 4781 intelligere
748 4730 812 4769 ea
856 4729 977 4782 quae
1006 4716 1096 4769 illo
1143 4714 1363 4771 absente
1390 4714 1537 4783 gesta
1586 4717 1815 4779 fuerant,
1872 4735 1977 4771 non

400 4785 887 4839 scandalizarentur
933 4786 1215 4840 exactione
1258 4802 1468 4842 census.
1496 4785 1583 4839 Ait
1608 4787 1748 4840 enim
1785 4805 1796 4839 :
1844 4785 1981 4849 Quid

400 4853 493 4926 tibi
516 4855 710 4926 videtur
733 4856 915 4909 Simon
936 4858 959 4907 ?
982 4853 1147 4926 Reges
1175 4865 1326 4910 terra?
1346 4873 1376 4908 a
1398 4855 1576 4926 quibus
1606 4858 1860 4925 accipiunt
1882 4858 1979 4909 tri-

396 4922 577 4995 butum
606 4925 680 4995 rel
704 4928 955 4995 censum?
972 4943 1008 4995 _a
1044 4922 1168 4994 ﬁliis
1191 4928 1318 4991 suis,
1338 4922 1420 4995 ian
1441 4923 1504 4977 ab
1551 4922 1732 4995 alienis
1755 4928 1777 4979 ?
1805 4926 1869 4979 At
1893 4926 1981 4980 ille

399 4992 533 5064 dixit
560 5009 577 5045 :
600 4993 675 5044 Ab
701 4994 884 5064 alienis
909 4992 1121 5063 (Matth.
1152 4996 1301 5064 ml).
1336 4992 1591 5049 Dominus
1612 4997 1752 5049 enim
1789 5010 1982 5049 secun-

398 5062 528 5113 dum
557 5078 771 5117 carnem
803 5062 942 5117 tilius
964 5064 1101 5130 regis
1123 5062 1269 5117 erat.
1292 5064 1454 5133 Filius
1476 5064 1673 5133 quippe
1696 5066 1838 5133 regis
1863 5073 1980 5119 erat

398 5133 693 5203 secundum
715 5148 950 5196 carnem,
975 5135 1096 5202 quia
1127 5134 1193 5186 de
1230 5134 1395 5202 stirpe
1434 5132 1798 5188 David’fuerat
1818 5150 1979 5203 gene-

402 5210 570 5272 ratus.
622 5200 927 5256 Secundum
970 5200 1248 5272 Spiritum,
1297 5200 1421 5270 quia
1452 5200 1840 5272 omnipotentis
1886 5205 1975 5258 Dei

403 5268 575 5341 Patris
613 5279 733 5325 erat
762 5268 1025 5325 Verbum;
1049 5272 1114 5325 Et
1166 5271 1289 5327 ideo
1316 5268 1459 5339 'quia
1506 5268 1642 5327 filius
1683 5275 1823 5341 regis
1850 5275 1979 5327 nulli

397 5338 659 5393 debuerat
686 5341 911 5395 reddere
932 5343 1209 5396 tributum.
1233 5338 1499 5409 Sed’quia
1529 5338 1766 5396 carnem'
1783 5352 1979 5397 nostrae

400 5410 715 5465 humilitatis
743 5412 994 5478 suscepit,
1043 5411 1271 5478 ideoque
1312 5411 1567 5465 tributum
1598 5410 1844 5465 reddidit.
1871 5412 1979 5467 Sed

398 5494 501 5533 nos
530 5481 708 5535 miseri
734 5490 789 5535 et
818 5481 1075 5547 infelices,
1099 5482 1224 5549 quia
1252 5482 1380 5535 nihil
1401 5480 1619 5548 dignum
1645 5491 1848 5536 tantum
1872 5499 1981 5537 ma-

474 5613 488 5642 ¹
537 5612 754 5686 Vulgata
789 5613 858 5686 ita
887 5612 1056 5686 habet
1094 5632 1104 5664 :
1139 5613 1303 5686 Igitur
1343 5617 1394 5667 in
1433 5615 1517 5669 die
1540 5617 1792 5686 trigesimo
1826 5619 1974 5671 tertio

393 5684 585 5736 mensis
613 5684 814 5747 septimi
861 5682 1051 5743 dimisit
1092 5682 1311 5749 populos
1355 5685 1421 5739 ad
1476 5682 1803 5739 tabernacula
1853 5703 1967 5750 sua,

2081 4720 2223 4788 quod
2249 4736 2353 4773 non
2377 4729 2460 4774 est
2490 4721 2763 4774 inventum
2789 4722 2839 4773 in
2864 4736 2958 4774 ore
2977 4736 3162 4775 eorum
3184 4739 3197 4784 ;
3222 4729 3390 4776 stater
3406 4719 3663 4788 videlicet

2081 4784 2346 4856 aequitatis
2389 4798 2443 4843 et
2485 4788 2723 4857 justitim.
2752 4789 2879 4842 Nam
2911 4790 2955 4842 si
3007 4789 3155 4844 locus
3202 4792 3302 4845 iste
3341 4784 3664 4857 simpliciter

2082 4858 2393 4925 accipiatur,
2442 4856 2671 4912 mditicat
2719 4859 3051 4924 auditorem;
3084 4856 3481 4913 demonstratur
3509 4856 3659 4910 enim

2084 4927 2166 4997 his
2184 4927 2362 4979 verbis
2383 4926 2666 4997 Dominum
2708 4935 2869 4980 tantte
2893 4928 3053 4982 fuisse
3081 4929 3431 4997 paupertatis,
3462 4934 3520 4997 ut
3543 4942 3653 4980 non

2083 4995 2316 5066 haberet,
2341 4996 2466 5064 quid
2496 5012 2593 5065 pro
2618 5012 2696 5060 se,
2724 5012 2822 5064 pro
2845 5012 3050 5065 suoque
3084 4995 3355 5066 discipulo
3382 4996 3652 5066 redderet,

2083 5067 2134 5135 iu
2158 5079 2265 5133 quo
2295 5065 2435 5119 facto
2458 5073 2828 5135 paupertatem
2856 5066 3036 5121 docuit
3056 5082 3173 5121 esse
3201 5065 3529 5135 sectandam.
3547 5065 3661 5120 Sed

2085 5134 2222 5216 forte
2244 5144 2431 5190 contra
2455 5135 2725 5217 haecdicit
2753 5135 2989 5217 aliquis}
3020 5135 3199 5217 Quare
3222 5150 3350 5217 ergo
3377 5134 3539 5217 ludas
3566 5151 3654 5217 pe-

2082 5205 2309 5276 cuniam
2348 5206 2599 5276 portabat
2650 5204 2704 5258 in
2754 5204 2977 5276 loculis?
3005 5204 3085 5258 Ad
3111 5205 3254 5276 quod
3291 5205 3526 5260 breviter
3572 5204 3650 5276 ita

2083 5273 2512 5343 respondendum
2541 5280 2624 5327 est
2656 5292 2667 5326 :
2701 5274 2850 5344 101
2898 5273 3149 5343 quoniam
3198 5276 3453 5329 Dominus
3502 5273 3653 5330 nefas

2082 5344 2234 5398 duxit
2262 5360 2349 5397 res
2377 5358 2669 5414 pauperum
2698 5344 2751 5396 in
2779 5344 2861 5397 sui
2904 5358 3226 5414 suorumque
3271 5344 3652 5414 discipulorum

2084 5429 2211 5467 usus
2238 5412 2565 5467 transferre.
2598 5412 2652 5466 ln
2700 5426 2809 5479 quo
2856 5413 3017 5467 etiam
3072 5412 3210 5469 facto
3258 5412 3420 5469 nobis
3441 5412 3655 5479 reliquit

2082 5484 2407 5552 exemplum,
2442 5491 2500 5535 ut
2527 5498 2589 5536 ea
2618 5497 2736 5553 qua:
2765 5484 2931 5537 semel
2958 5482 3069 5538 Deo
3098 5484 3180 5538 vel
3205 5484 3529 5559 pauperibus
3556 5498 3651 5537 vo-

2083 5617 2319 5700 {rctantes
2359 5617 2826 5700 aiqtteI'gttudrcrties
2864 5637 3016 5700 super
3059 5619 3237 5700 _bono,
3276 5618 3415 5700 quod
3462 5621 3650 5686 fecerat

2083 5686 2325 5742 Durnium
2358 5686 2560 5753 Daridi,
2594 5701 2640 5742 ct
2667 5686 2955 5755 Salomoni,
2980 5700 3025 5744 ct
3050 5688 3237 5745 Isrucli
3261 5686 3446 5757 papula
3469 5702 3581 5740 sua.
