4138 6196
525 305 635 360 1915-

1376 299 1711 358 ΔΡΡΕΝΒΙΧ
1744 297 2028 367 ΟΡΕΒυΜ
2066 296 2124 353 S.
2166 295 2410 351 MAXIM!
2450 293 2919 351 TAURINENSIS.

3670 290 3769 355 916

523 432 709 472 vernus
736 416 789 472 in
817 430 1131 473 communes
1153 429 1279 471 usus
1313 414 1460 468 nullo
1499 414 1660 469 modo
1686 414 2083 468 transferamus.
2117 413 2167 474 Α
2194 411 2269 465 vir
2289 410 2459 480 justus
2484 420 2533 463 et
2569 411 2731 465 bonas
2754 418 2807 463 et
2830 416 3055 480 metuens
3086 405 3254 480 Dgnus
3288 416 3340 463 et
3362 407 3558 480 faciem
3586 409 3773 480 inultas

518 487 820 556 Allegorice
864 500 1015 540 mare
1065 482 1328 551 signiﬁcat
1372 484 1474 538 hoc
1522 499 1783 556 pnrsensu
1802 482 2087 556 igniculum,

514 552 667 678 iusta
690 557 839 620 illud,
862 556 954 608 Itoc
980 571 1123 636 inure
1139 570 1381 635 magnum
1393 564 1441 606 et
1464 552 1744 635 spatiosum
1768 552 1934 622 (Psal.
1955 552 2087 643 ciu).

541 635 585 678 ..ι
614 636 803 678 iterum
832 644 844 677 :
886 624 1013 678 Ven:
1042 641 1096 676 ιη
1124 622 1450 676 altitudinem
1478 640 1638 677 maris
1669 622 1842 678 (Psal.
1884 624 2087 678 Lmu).

541 626 585 679 Et
614 627 803 680 iterum
832 644 844 677 :
886 624 1013 678 Veni
1042 626 1096 676 in
1124 622 1450 676 altitudinem
1478 625 1638 677 maris
1669 622 1842 692 (Psal.
1884 624 2087 688 LXVIII).

517 695 887 764 Capharnaum
935 710 1065 764 veru
1107 692 1352 764 designat
1391 692 1763 764 _Synagogam,
1813 700 2093 764 exactores

516 760 708 819 census
733 763 934 818 scribas
955 773 1009 817 et
1038 760 1354 817 Pharisaaos.
1390 760 1495 816 Per
1520 762 1738 816 hamum
1762 776 1977 829 quoque
2009 760 2091 814 in-

520 834 773 902 telligitur
796 833 1112 902 przcdicatio
1127 829 1272 886 Petri
1301 839 1357 885 et
1376 830 1634 897 aliorum;
1664 847 1760 902 per
1778 830 1978 900 piscem
1998 829 2090 902 qui

517 899 717 970 prinius
745 899 812 957 ad
841 903 1057 957 hamum
1086 899 1229 956 Petri
1259 902 1518 965 ascendit,
1551 899 2090 970 pulchre’_potestin-

518 967 682 1040 telligi
710 973 1017 1039 Cornelius,
1038 973 1128 1040 qui
1149 971 1352 1039 primus
1379 985 1447 1024 ex
1474 967 1719 1039 gentibus
1738 967 1812 1040 ad
1836 969 2092 1040 praedica-

515 1037 715 1096 tionem
762 1041 906 1096 Petri
946 1037 1192 1097 credidit.
1243 1040 1348 1095 Per
1400 1037 1799 1108 staterem,qui
1839 1037 1989 1093 ’duas
2009 1037 2092 1091 di-

513 1111 797 1182 draclimas
825 1111 1044 1182 (desunt
1091 1110 1340 1182 non_nulla
1387 1110 1443 1182 in
1471 1109 1651 1182 textui
1673 1107 2091 1182 doctijnmduo-

514 1197 633 1234 rum
656 1176 1141 1236 Testarhcutorum.
1170 1178 1305 1233 Cum
1346 1178 1486 1235 enim
1513 1176 1767 1233 volebant
1806 1176 2088 1231 Dominum

512 1247 679 1323 Judaei
711 1252 847 1323 (Act.
873 1249 937 1323 is)
985 1249 1373 1323 constringere
1395 1248 1501 1323 sub
1543 1248 1800 1316 legalibus
1842 1245 2086 1323 vinculis,

512 1316 753 1391 dicentes
794 1316 928 1391 quia
967 1335 1078 1374 non
1110 1319 1251 1391 licet
1292 1318 1534 1391 sabbatis
1576 1324 1897 1391 curare,_ei
1936 1316 2089 1383 quasi

511 1390 731 1444 noxium
788 1385 911 1444 e'um
964 1389 1124 1443 morti
1167 1388 1520 1453 destinarent,
1570 1385 1702 1453 quid
1755 1385 1899 1439 aliud
1926 1400 2089 1453 quam

510 1474 727 1513 censum
775 1468 974 1514 nostra:
998 1459 1384 1527 redemptionis
1424 1456 1743 1527 exigebant?
1779 1456 1889 1510 lllis
1910 1461 2089 1527 autem

510 1528 850 1596 exigentibus
868 1529 1121 1598 prmeepit
1142 1524 1397 1583 Dominus
1417 1526 1600 1593 Petro,
1620 1526 1712 1595 qui
1734 1534 1817 1581 est
1838 1524 2091 1592 magister

510 1600 748 1668 omnium
768 1599 1199 1668 prmdicatorum,
1230 1598 1446 1668 mittere
1483 1598 1697 1668 hamum
1723 1602 1922 1668 sanctae
1946 1607 2088 1662 prte-

510 1664 795 1723 dicationis
850 1670 903 1723 in
957 1682 1106 1722 mare
1133 1667 1465 1735 gentilitatis.
1513 1665 1610 1720 Illo
1668 1681 1799 1720 vero
1842 1664 2090 1735 mittente

2192 477 2540 550 eleemosynas
2559 480 2691 548 plebi
2721 481 2856 547 (Act.
2880 477 2960 547 ι),
2983 485 3086 534 etc.
3105 477 3372 550 Veniente
3406 478 3601 550 itaque
3612 478 3771 550 beato

2196 546 2357 605 Petro
2379 546 2442 604 ac
2459 546 2807 618 prtedicante,
2830 556 3085 618 stateretn
3112 548 3204 617 qui
3234 548 3434 618 latebat
3460 546 3770 618 manifesta-

2194 618 2290 683 vit,
2330 616 2583 687 quoniam
2625 618 2899 674 confessus
2931 625 3012 671 est
3057 616 3328 687 Christum
3356 617 3450 672 Dei
3476 616 3690 682 Filium,
3718 627 3772 673 et

2195 688 2335 743 unda
2354 686 2500 741 sacri
2529 688 2861 756 baptismatis
2909 695 2993 742 est
3020 695 3256 741 renatus.
3283 686 3341 740 In
3373 701 3441 742 eo
3468 702 3599 741 sane
3618 687 3772 756 quod

2192 756 2357 812 dicit:
2392 756 2549 811 Illam
2579 752 2803 819 sumens,
2835 757 2901 810 da
2940 757 3013 825 eis
3050 773 3143 825 pro
3171 774 3252 810 me
3293 766 3341 809 et
3363 773 3458 825 pro
3478 766 3525 810 te
3554 752 3769 825 (Matth.

2192 828 2321 897 uva)
2339 865 2354 891 ,
2388 827 2621 897 os‘gendit
2647 827 2789 897 quod
2819 841 2912 895 per
2940 824 3154 897 Petrum
3184 824 3406 897 ejusque
3432 824 3771 897 successores

2190 895 2418 951 duorum
2447 894 2909 951 Testamentorum
2937 895 3178 950 doctrina
3218 894 3605 951 manifestauda
3650 904 3769 950 erat

2189 963 2385 1020 Judzcis
2407 973 2462 1020 et
2480 966 2746 1032 gentibus.
2777 964 2930 1031 Quod
2958 979 3085 1033 ergo
3125 965 3273 1027 dicit,
3302 965 3448 1019 illum
3476 981 3682 1021 sumens
3701 966 3771 1020 da

2189 1036 2263 1088 eis
2290 1051 2491 1105 prome
2516 1043 2566 1088 et
2582 1053 2678 1105 pro
2707 1045 2771 1100 te,
2821 1036 2899 1089 sic
2948 1042 3032 1105 est
3059 1033 3460 1102 intelligendum
3490 1052 3503 1087 :
3539 1050 3645 1105 pro
3681 1050 3770 1089 me

2194 1105 2347 1171 quasi
2376 1104 2618 1171 domino,
2641 1120 2739 1174 pro
2775 1112 2826 1159 te
2862 1104 3013 1172 quasi
3043 1118 3228 1167 servo;
3258 1119 3357 1174 pro
3387 1119 3474 1158 me
3500 1104 3649 1171 quasi
3671 1120 3768 1159 au—

2191 1182 2368 1241 ctore,
2390 1189 2489 1242 pro
2516 1184 2568 1229 te
2593 1173 2745 1241 quasi
2782 1174 3028 1242 ministro
3055 1173 3457 1228 salutis.’Aliter
3484 1174 3646 1241 piscis
3671 1174 3771 1230 iste

2188 1244 2280 1311 qui
2306 1241 2509 1312 primus
2528 1243 2596 1312 ad
2623 1244 2839 1298 hamum
2866 1241 3012 1297 Petri
3040 1243 3299 1312 ascendit,
3331 1250 3386 1297 et
3413 1251 3769 1310 congruenter

2189 1311 2366 1381 potest
2411 1311 2711 1380 signiﬁcare
2762 1320 3209 1383 protomartyreni
3254 1311 3629 1383 Stephanum,
3677 1314 3767 1381 qui

2188 1380 2441 1451 staterem
2462 1383 2707 1451 gestabat
2734 1380 2787 1437 in
2817 1396 2933 1446 ore,
2967 1380 3106 1436 veras
3142 1380 3269 1436 ﬁdei
3295 1380 3767 1437 centessionemet

2190 1449 2491 1507 doctrinam
2521 1451 2750 1506 duorum
2779 1451 3263 1518 Testamentorum.
3310 1451 3442 1506 Nam
3484 1451 3689 1519 positus
3715 1452 3767 1505 in

2192 1522 2421 1576 concilio
2449 1520 2722 1576 confessus
2746 1530 2829 1575 est
2848 1520 3059 1574 Patrem
3079 1529 3135 1574 et
3163 1520 3375 1584 Filium,
3394 1521 3607 1577 dicens:
3636 1520 3769 1576 Ecce

2187 1592 2331 1646 video
2359 1592 2509 1645 cozlos
2536 1600 2741 1651 apertos
2774 1600 2824 1643 et
2856 1589 2903 1642 F
2906 1591 3052 1644 ilium
3083 1590 3304 1651 hominis
3340 1600 3562 1644 stantem
3591 1607 3623 1643 a
3648 1592 3771 1644 dex-

2195 1662 2287 1715 tris
2323 1661 2524 1714 virtutis
2551 1658 2647 1713 Dei
2677 1661 2812 1721 (Act.
2846 1662 2960 1729 vn).
3012 1658 3222 1714 Positus
3249 1661 3411 1714 etiam
3439 1660 3495 1714 in
3543 1661 3768 1715 concilio

510 1737 714 1805 primus
740 1738 904 1807 piscis
931 1738 997 1822 ad
1017 1729 1378 1822 eius'bamuni
1408 1735 1689 1822 Cornelius
1703 1733 1978 1822 Las‘cen‘di‘t,
1998 1732 2089 1801 qui
2125 1762 2165 1822 Β
2194 1729 2603 1822 iegemnVeieris
2621 1804 2634 1822 ⁸
2653 1729 2981 1822 Τςξριειωθιιξί
3003 1730 3404 1822 interpretatus
3430 1735 3513 1783 est
3543 1730 3597 1822 iit
3639 1729 3768 1784 Filio

510 1805 765 1861 staterem
789 1808 1034 1873 gestabat
1057 1809 1113 1861 in
1126 1822 1250 1867 ore;
1275 1808 1370 1861 sed
1391 1814 1569 1859 tamen
1592 1805 1820 1868 latebat;
1836 1810 2089 1873 staterem

513 1878 671 1947 102
682 1870 941 1947 fidelicet
964 1892 1102 1931 verae
1130 1875 1249 1947 ﬁdei
1279 1874 1691 1947 confessionem,
1712 1882 1767 1928 et
1793 1888 1927 1942 opus
1957 1870 2095 1947 duo-

510 1939 1171 2011 rum—Testamentormn,
1214 1945 1281 2000 de
1326 1960 1434 2013 quo
1483 1944 1739 2013 scriptqu
1781 1939 1908 1997 est:
1960 1939 2088 1993 Erat

2196 1799 2311 1853 Dei.
2346 1797 2674 1854 Pncdicante
2702 1799 2881 1868 itaque
2926 1797 3103 1863 Petro,
3137 1797 3238 1853 iSte
3281 1799 3514 1868 primum
3554 1799 3768 1855 hamum

2196 1869 2507 1991 deglutivit,
2553 1867 2806 1939 quoniam
2853 1867 2953 1923 iste
2999 1868 3204 1938 primus
3250 1867 3477 1939 adeptus
3531 1868 3768 1939 martyrii

2197 1955 2263 2008 pa
2287 1952 2447 1991 mam.

1810 2050 2157 2113 HOMILIA
2202 2047 2474 2111 PRIMA.

510 2140 789 2211 Dontinica
815 2158 967 2212 tertia
992 2156 1250 2225 Adventus
1272 2171 1292 2210 :
1320 2153 1657 2225 Evangelium
1686 2152 1963 2225 secundum
1992 2150 2298 2225 Biatthwum
2311 2165 2413 2225 cap

2420 2186 2434 2202 .
2473 2165 2523 2202 χι
2552 2165 2564 2201 :
2592 2147 2655 2202 In
2684 2147 2775 2202 illo
2798 2157 3039 2218 tempore,
3068 2164 3182 2203 cum
3223 2148 3448 2203 audisset
3469 2148 3700 2203 Joannes
3718 2150 3768 2204 is

579 2229 795 2298 uinculis
814 2244 970 2298 opera
998 2224 1209 2298 Christi,
1241 2226 1446 2298 mittens
1471 2218 1547 2298 vde
1570 2224 1836 2298 discipulis
1861 2223 1967 2298 suis
1997 2221 2145 2298 duos,
2170 2220 2242 2273 ait
2284 2218 2358 2272 illi
2388 2234 2405 2271 :
2440 2218 2514 2271 Tu
2542 2234 2594 2272 es
2623 2220 2707 2289 qui
2751 2227 2987 2272 venturus
3014 2235 3090 2287 es,
3114 2235 3182 2273 an
3207 2219 3366 2272 alium
3385 2218 3770 2289 exspectaums.’

576 2297 645 2352 Et
671 2291 864 2370 reliqua
890 2296 1117 2351 lectionis
1145 2294 1371 2367 ejusdem
1400 2294 1533 2348 beati
1561 2291 1780 2347 Maximi
1812 2292 2051 2363 episcopi.

1941 2380 2330 2436 ADMONlTlO.

574 2476 762 2533 Codex
789 2477 1108 2533 chartaceus
1134 2474 1381 2529 hihlioth.
1404 2472 1670 2529 Chisianae
1697 2473 1889 2540 signat.
1921 2472 2023 2525 litt.
2050 2471 2157 2525 Avi
2190 2470 2307 2524 18L
2329 2482 2452 2525 saec.
2487 2486 2571 2524 xvi
2595 2447 2811 2525 in-lolio
2831 2484 2998 2539 parvo
3026 2467 3356 2540 nitidissimis
3376 2466 3772 2540 characteribus

509 2550 755 2617 scriptus,
787 2547 881 2617 sed
907 2545 1306 2617 nonpaucisju
1350 2544 1482 2597 locis
1517 2536 1828 2609 mendosus,
1874 2541 2233 2617 suppeditavit
2277 2540 2432 2595 nobis
2466 2548 2589 2617 _tres
2636 2536 2901 2617 humilias,
2930 2554 3087 2617 _quas
3135 2540 3188 2617 in
3218 2538 3384 2617 calce_
3409 2536 3641 2617 hujusce
3677 2554 3770 2617 ap-

509 2607 749 2688 penilicis
773 2607 1174 2672 collocaviinus.
1206 2612 1405 2668 Harum
1433 2626 1543 2667 non
1567 2626 1688 2668 esse
1731 2607 2008 2667 auctorem
2053 2609 2358 2674 Maximum,
2390 2610 2634 2678 quisque,
2662 2610 2707 2664 si
2753 2609 2818 2663 ad
2845 2607 3037 2680 stylum
3067 2609 3299 2663 animum
3321 2607 3583 2673 advertat,
3614 2608 3770 2663 facile

512 2694 823 2757 cognoscet.

510 2772 896 2833 Ᾱιιαυδιεκτυι.
915 2805 986 2823 --
1013 2771 1281 2855 Evangelii
1308 2772 1454 2827 verba
1474 2772 1772 2855 litteratiter
1791 2778 1942 2843 atque
1968 2770 2089 2825 alle-

1023 2853 1193 2915 gorice
1220 2853 1562 2912 exponuntur.

580 2980 808 3034 Sanctus
834 2975 1067 3031 Joannes
1109 2975 1347 3044 Baptista
1395 2971 2087 3044 prmcursoranminiSal-

2189 2769 2291 2827 ctis
2309 2768 2461 2839 sequi
2484 2783 2577 2824 sua
2609 2767 2849 2836 vestigia.
2868 2764 3143 2839 ,Leprosos
3157 2766 3450 2839 mandavit,
3471 2766 3767 2839 quihuma-

2190 2855 2317 2893 num
2338 2836 2505 2907 genus
2526 2854 2555 2891 a
2578 2839 2755 2892 multis
2776 2838 2930 2893 malis
2954 2836 3219 2908 purgavit.
3252 2836 3453 2908 Surdas
3474 2837 3659 2908 audire
3677 2838 3764 2908 [es

2192 2911 2284 2973 cit,
2315 2906 2439 2976 quia
2467 2923 2625 2962 aures
2654 2908 2931 2962 hominum
2960 2906 3028 2961 ad
3057 2907 3379 2962 audiendum
3422 2906 3640 2960 verbum
3672 2906 3764 2961 Dei

2191 2979 2421 3047 aperuit.
2448 2976 2689 3032 Mortuos
2734 2977 3033 3041 suscitavit,
3081 2978 3205 3044 quia
3235 2984 3548 3047 peccatores
3567 3020 3581 3039 ,
3602 2976 3687 3044 qui
3710 2976 3760 3029 in

513 3048 714 3104 vatoris
760 3054 981 3116 propler
1004 3042 1285 3116 veritatem
1331 3042 1413 3097 est
1445 3045 1651 3116 pusillis
1680 3042 1746 3095 ab
1773 3042 1989 3116 {101‘ng
2032 3043 2086 3116 i_n
2114 3043 2158 3104 C
2192 3042 2428 3116 peccatis
2457 3048 2567 3101 suis
2609 3047 2880 3116 jacebant,
2912 3047 2978 3101 ad
3010 3042 3187 3101 veram
3235 3042 3759 3116 pmuitentiam'cong

510 3108 933 3174 vinculis-cum
977 3114 1211 3167 audisset
1264 3108 1534 3181 opera—et
1581 3111 1838 3166 miracula
1865 3108 2084 3177 Christi,

511 3189 649 3244 sicut
687 3184 847 3240 lectio
887 3184 1189 3250 evangelica
1235 3182 1563 3247 manifestat,
1592 3182 1811 3236 mittens
1860 3181 1995 3235 duos
2022 3181 2089 3238 de

513 3256 788 3325 discipulis
812 3254 922 3308 suis
950 3253 1021 3325 ad
1046 3251 1334 3325 Christum,
1358 3252 1889 3325 _qui_intcrrognntes
1924 3253 2089 3325 magi:

512 3321 683 3383 stram
730 3340 907 3393 suum,
934 3323 1058 3394 quia
1087 3322 1261 3377 adhuc
1284 3321 1620 3394 dubitabant‘
1644 3322 1698 3376 in
1729 3321 1853 3394 ﬁde,
1885 3331 1944 3375 ut
1990 3322 2089 3394 ipsi

512 3394 757 3465 discipuli
780 3390 1018 3449 videntes
1038 3394 1190 3465 signa
1210 3407 1329 3460 quae
1350 3391 1579 3465 faciebat
1593 3390 1868 3465 Dominus,
1881 3390 2091 3465 pariter

513 3460 795 3522 crederent
822 3471 879 3519 et
922 3462 1219 3531 prophetia:
1264 3461 1506 3530 magistri
1534 3469 1598 3531 et_
1626 3460 1841 3530 eloquio
1870 3460 2087 3516 Christi.

514 3535 658 3590 Dixit
686 3542 868 3589 autem
910 3529 1231 3589 illis—beatus
1258 3529 1491 3587 Joannes
1522 3548 1535 3584 :
1569 3529 1669 3593 Ite,
1699 3529 1851 3584 dicite
1875 3533 1922 3586 ei
1952 3546 1969 3585 :
2015 3531 2090 3585 Ta

512 3622 567 3660 ss
589 3607 674 3675 qui
715 3613 953 3675 venturus
980 3619 1053 3668 es,
1084 3619 1151 3675 an
1195 3601 1771 3675 aliamexgpectamas?
1791 3600 1907 3655 Tali
1934 3602 2092 3675 modo

514 3669 916 3742 intelligendum
960 3673 1189 3742 est‘hoc
1242 3671 1383 3740 quod
1435 3669 1492 3725 S.
1537 3669 1771 3725 Joannes
1822 3672 2093 3727 mandavit

515 3739 746 3809 Christo,
789 3742 1014 3797 dicens:
1047 3739 1173 3796 Scio
1215 3739 1275 3796 te
1316 3756 1437 3797 esse
1483 3748 1666 3795 natum
1694 3756 1793 3809 pro
1821 3742 2091 3807 omnibus,

514 3813 611 3870 sed
653 3812 836 3869 nescio
865 3812 909 3866 si
938 3811 1075 3867 mori
1102 3811 1351 3880 digneris
1396 3811 1805 3880 proiomnibus.
1828 3810 2093 3880 Quoniam

516 3890 575 3936 ut
601 3884 785 3946 sciam,
812 3882 939 3936 dum
986 3881 1053 3935 ab
1098 3878 1312 3934 Herode
1360 3878 1671 3946 iiiterlicior,
1722 3880 1791 3934 ad
1829 3878 2093 3935 infernum

515 3944 867 4018 descendero,
914 3958 1093 4004 utrum
1122 3957 1176 4002 te
1222 3950 1448 4003 mortuis
1492 3949 1545 4003 in
1602 3944 1867 4003 infernum
1908 3950 1973 4003 ad
2002 3966 2092 4004 re-

516 4020 878 4089 demptionem
894 4026 1178 4072 venturum
1208 4018 1466 4089 nuntiem,
1491 4019 1630 4073 sicut
1650 4018 1889 4089 nuntiavi
1912 4020 2095 4089 viven-

516 4087 661 4143 tibus
687 4088 973 4141 adventum
1003 4095 1176 4153 tuum,
1214 4095 1269 4142 et
1294 4087 1623 4156 disposueris
1648 4087 1859 4142 mittere
1883 4087 1948 4142 ad
1981 4087 2096 4144 haec

517 4165 854 4213 sacramenta
874 4156 1208 4227 complenda.
1243 4156 1496 4212 Dominus
1524 4165 1707 4211 noster
1734 4158 2009 4227 respondit
2029 4159 2095 4213 ad

520 4242 582 4281 ea
604 4242 722 4297 qua:
749 4225 1106 4295 interrogatus
1133 4225 1338 4297 fuerat;
1366 4227 1460 4281 sed
1485 4226 1757 4296 perﬁdiam
1786 4225 2093 4282 nuntiorum

518 4294 830 4367 increpavit,
878 4294 1105 4352 dicens:
1164 4294 1357 4351 Euntes
1411 4294 1701 4351 renuntiate
1742 4297 1937 4367 Joanni
1982 4315 2095 4367 qua:

518 4366 737 4421 audistis
787 4376 836 4420 et
884 4368 1131 4421 vidistis:
1185 4368 1305 4419 caeci
1351 4366 1543 4430 vident,
1596 4366 1768 4420 claudi
1811 4366 2093 4431 ambulant,

518 4438 706 4507 leprosi
752 4435 1084 4507 inundantur,
1114 4446 1162 4488 et
1190 4435 1365 4489 beatas
1400 4437 1503 4507 qui
1522 4452 1627 4495 non
1657 4437 1809 4507 fuerit
1838 4436 2097 4490 scandali-

519 4504 664 4561 zatus
690 4507 745 4560 in
773 4523 872 4560 me.
914 4504 1028 4560 Hoc
1056 4506 1265 4569 dicens,
1296 4520 1393 4559 vos
1415 4504 1613 4559 videtis
1650 4504 1737 4559 me
1765 4514 1914 4559 tanta
1936 4507 2098 4560 mira-

517 4576 636 4630 cula
656 4575 859 4644 facere;
892 4582 1073 4629 tamen
1098 4573 1202 4628 hoc
1228 4574 1417 4642 sapite,
1441 4575 1563 4644 quia
1586 4589 1685 4643 pro
1708 4576 1954 4629 omnibus
1981 4590 2102 4630 mo-

519 4646 648 4701 rior.
676 4642 783 4700 Sed
811 4644 900 4700 ille
928 4645 1031 4698 erit
1060 4645 1247 4698 beatus
1273 4644 1364 4712 qui
1394 4642 1719 4698 in'me’non
1761 4644 1919 4698 fuerit
1946 4659 2102 4699 scan-

519 4715 815 4779 dalizatus;
846 4714 950 4770 hoc
996 4722 1101 4780 est,
1146 4714 1239 4781 qui
1290 4714 1460 4768 solum
1490 4720 1545 4768 et
1589 4728 1780 4783 purum
1828 4713 2101 4769 hominem

520 4801 627 4839 non
656 4785 945 4842 crediderit
973 4798 1093 4838 cum
1133 4797 1219 4836 me
1256 4790 1528 4852 mortuum,
1570 4782 1783 4838 viderit.
1818 4783 1931 4839 Hoc
1956 4783 2102 4852 quod

522 4854 781 4910 Dominus
804 4855 963 4909 dicit:
995 4852 1119 4909 οωρί
1148 4852 1351 4917 vident,
1381 4851 1557 4907 claudi
1585 4853 1874 4916 ambulant,
1904 4851 2103 4917 leprosi

524 4925 863 4989 mandantur,
892 4924 967 4978 ita
1008 4922 1356 4993 spiritualiter
1383 4922 1783 4993 intelligendum
1814 4930 1914 4993 est:
1939 4922 2100 4978 Certe

523 5006 711 5047 omnes
737 4994 984 5050 homines
1022 4991 1148 5050 caeci
1197 5001 1353 5046 erant
1400 5000 1525 5045 ante
1554 4992 1841 5046 adventum
1881 4991 2098 5056 Christi,

523 5069 580 5132 et
607 5062 659 5115 in
689 5064 919 5132 tenebris
954 5062 1134 5129 erant,
1166 5062 1258 5132 qui
1288 5062 1466 5132 lumen
1513 5061 1772 5132 veritatis
1797 5077 1906 5132 non
1945 5062 2100 5118 vide-

524 5130 675 5186 bant.
727 5130 909 5201 Claudi
938 5141 1091 5189 erant
1130 5130 1222 5201 qui
1250 5131 1489 5199 quotidie
1524 5139 1647 5201 post
1676 5130 1946 5186 diabolum
1975 5147 2101 5186 cur-

524 5201 734 5262 rebant,
769 5200 961 5268 leprosi
989 5209 1142 5257 erant
1169 5201 1261 5270 qui
1291 5201 1450 5255 variis
1478 5200 1727 5256 sordibus
1753 5207 2099 5270 peccatorum

528 5269 673 5339 pleni
700 5277 871 5339 erant.
907 5270 1062 5325 Sardi
1092 5269 1247 5326 erant
1274 5271 1364 5338 qui
1390 5285 1546 5325 aures
1566 5269 1782 5339 apertas
1801 5270 1867 5323 ad
1888 5270 2103 5324 audien-

527 5337 650 5392 dum
679 5338 899 5393 verbum
928 5339 1021 5394 Dei
1065 5358 1179 5396 non
1218 5337 1503 5396 habebant.
1537 5337 1730 5394 Mortui
1774 5347 1947 5408 erant,
1976 5341 2101 5408 quia

525 5408 578 5459 in
606 5409 789 5493 multis
814 5409 1046 5488 peccatis
1074 5419 1129 5493 et
1154 5411 1299 5491 vitiis
1326 5425 1540 5493 semper
1562 5409 1819 5493 iacebant
1842 5426 1855 5474 ;
1888 5406 2100 5493 Radpe:

527 5492 615 5533 res
641 5479 980 5551 erant,.guia_
1002 5481 1239 5551 extranei
1277 5497 1306 5533 a
1326 5479 1480 5536 bonis
1510 5479 1760 5549 operibus
1788 5487 1959 5551 erant.
1994 5479 2099 5551 Sed

529 5556 809 5617 postquam
833 5546 1087 5602 Dominus
1116 5549 1167 5600 in
1208 5549 1351 5603 hunc
1379 5546 1635 5604 mundum
1664 5564 1758 5602 sua
1789 5549 1987 5617 pietate
2017 5548 2100 5601 di-

527 5626 718 5686 gnatus
744 5627 825 5671 est
850 5617 1056 5680 venire,
1087 5630 1274 5686 omnes
1312 5620 1402 5685 qui
1432 5628 1584 5674 erant
1611 5618 1735 5674 caeci
1762 5618 2096 5672 illuminavit.

530 5684 761 5745 Cleadas
787 5687 1057 5744 ambulare
1086 5684 1240 5753 fecit,
1271 5684 1391 5754 quia
1423 5689 1673 5757 praecepit
1702 5688 1947 5744 omnibus
1986 5686 2096 5742 elc-

2126 4401 2172 4462 D

2189 3114 2405 3171 vertere
2450 3116 2593 3171 fecit.
2613 3114 2621 3116 ἡ
2645 3115 2911 3185 Pauperes
2941 3114 3338 3183 evangelizavit,
3369 3117 3491 3185 quia
3522 3115 3639 3168 illos
3676 3114 3765 3185 qui

2191 3186 2437 3256 extranei
2458 3195 2613 3240 erant
2640 3202 2669 3239 a
2691 3183 2816 3241 vera
2846 3186 3177 3256 pmnitentia,
3195 3183 3507 3256 doctrinam
3526 3183 3763 3256 viaedo-

2191 3256 2318 3310 cuit.
2351 3255 2545 3310 Mortui
2578 3266 2731 3311 erant
2759 3256 2812 3309 in
2848 3253 3083 3325 peccatis
3120 3255 3251 3325 suis.
3294 3254 3410 3325 Illis
3439 3253 3761 3325 abeuntibus,

2191 3326 2340 3395 capit
2359 3325 2509 3379 Jesus
2535 3325 2702 3379 dicere
2724 3326 2791 3378 ad
2813 3322 2985 3379 turbas
3013 3325 3077 3379 de
3099 3324 3320 3379 Joanne.
3357 3322 3493 3395 Quid
3515 3324 3694 3395 existis
3715 3324 3766 3377 in

2193 3392 2387 3449 deserto
2408 3395 2609 3466 videre?
2624 3396 2937 3466 Arundiuent
2966 3403 3109 3466 rente
3129 3397 3376 3466 agitatam
3398 3394 3422 3447 Σ)
3448 3392 3675 3466 Arundo
3689 3400 3770 3448 est

2192 3481 2384 3529 canna,
2409 3473 2465 3519 et
2493 3465 2654 3519 habet
2678 3474 2787 3520 tres
2809 3463 3359 3533 diﬁerentiasIPrirpa
3376 3464 3502 3533 quia
3533 3463 3767 3517 nascitur

2192 3534 2248 3588 in
2276 3535 2410 3590 locis
2435 3535 2749 3600 virentibus,
2779 3535 2864 3589 vel
2893 3536 2946 3589 in
2995 3535 3229 3603 aquosis.
3279 3532 3553 3596 Secunda,
3584 3533 3705 3603 quia
3734 3546 3765 3586 a

2200 3606 2351 3674 103
2374 3619 2691 3674 quacunque
2718 3620 2849 3659 aura
2890 3605 3143 3674 tangitur,
3186 3605 3241 3658 in
3269 3604 3425 3674 aliam
3456 3610 3665 3674 partem
3692 3602 3766 3655 in-

2195 3672 2444 3729 clinatur.
2488 3672 2690 3740 Tertia,
2718 3674 2841 3743 quia
2880 3673 3009 3728 foris
3036 3681 3119 3728 est
3146 3673 3388 3743 pulchra,
3420 3680 3476 3743 et
3505 3672 3646 3743 intus
3674 3687 3767 3725 va-

2194 3759 2314 3800 cua.
2347 3744 2477 3798 Nam
2498 3759 2595 3812 per
2614 3742 2927 3798 arundinem
2956 3742 3266 3811 designatur
3285 3742 3514 3797 carnalis
3540 3742 3768 3812 animus,

2196 3814 2286 3883 qui
2313 3814 2469 3868 nimis
2496 3810 2709 3879 gaudet,
2733 3828 2852 3867 cum
2884 3813 3043 3883 habet
3064 3810 3341 3882 prospera,
3365 3819 3420 3865 et
3455 3810 3770 3883 cumuhabet

2196 3880 2419 3938 adversa
2448 3883 2606 3937 nimis
2635 3884 2896 3937 tristatur.
2945 3880 3095 3936 Sicut
3121 3880 3312 3943 canna,
3340 3896 3459 3949 qua:
3488 3880 3770 3935 inclinatur

2202 3952 2253 4022 in
2280 3968 2653 4022 quamcunque
2682 3959 2910 4022 partem,
2957 3966 3055 4021 per
3095 3952 3523 4022 qualemcunque
3562 3965 3769 4022 auram.

2199 4018 2313 4075 Sed
2332 4022 2387 4076 S.
2420 4018 2654 4077 Joannes
2676 4018 2781 4077 non
2813 4030 2927 4075 erat
2956 4018 3255 4089 talisfquia
3279 4029 3394 4075 erat
3412 4018 3572 4073 natus
3596 4018 3663 4073 de
3692 4034 3753 4073 ca

2197 4092 2294 4146 stis
2317 4091 2647 4162 parentibus,
2687 4100 2742 4146 et
2766 4091 2980 4147 amabat
3024 4092 3348 4162 castitatem,
3377 4090 3597 4162 tenebat
3619 4104 3772 4162 eam,

2198 4170 2253 4231 et
2302 4158 2639 4216 sanctitatem
2669 4177 2829 4231 quam
2860 4161 3191 4216 monstrabat
3241 4160 3292 4214 in
3332 4158 3514 4231 habitu
3545 4158 3768 4231 habebat

2197 4230 2474 4310 incorde;
2499 4240 2553 4286 et
2573 4228 3069 4310 non'delectabatur
3089 4231 3145 4310 in
3171 4230 3440 4310 prosperis
3463 4237 3555 4310 aut
3576 4228 3630 4310 in
3660 4228 3768 4307 lau-

2199 4301 2375 4365 dibus,
2405 4316 2579 4369 neque
2607 4301 2827 4355 adversa
2859 4300 3098 4355 timebat.
3128 4298 3187 4354 In
3226 4298 3378 4369 cujus
3405 4298 3560 4369 laude
3594 4298 3771 4369 Domi-

2201 4387 2299 4425 nus
2323 4366 2506 4425 adhuc
2524 4370 2653 4425 dicit
2685 4389 2696 4423 :
2734 4369 2882 4437 Quod
2904 4372 3083 4423 existis
3102 4370 3305 4422 videre?
3326 4368 3582 4422 hominem
3609 4366 3775 4419 molli—

2204 4440 2295 4493 bus
2317 4436 2863 4512 vestitum?_l_€cceiqui
2884 4440 3119 4512 mollibus
3159 4440 3437 4512 vestiantur
3463 4438 3516 4490 in
3546 4436 3776 4512 dantibus

2203 4526 2379 4579 regam
2424 4519 2559 4562 sunt.
2594 4509 2710 4579 Non
2761 4506 2877 4565 erat
2903 4508 2961 4563 S.
2992 4508 3225 4579 Joannes
3261 4508 3502 4579 ves'titus.
3535 4506 3779 4579 delicatis

2204 4573 2555 4649 vestimentis,
2584 4578 2681 4634 sed
2706 4579 2774 4633 de
2800 4579 2922 4649 pilis
2946 4578 3275 4649 camelorum
3296 4585 3450 4649 erant
3476 4574 3615 4649 facta
3661 4573 3779 4642 ejus

2200 4648 2539 4717 vestimenta.
2564 4649 2649 4702 Fit
2674 4645 2818 4703 enini
2838 4663 3084 4717 asperum
3111 4647 3336 4702 cilicium
3359 4647 3427 4701 de
3450 4645 3779 4717 pilis_ca_meo

2201 4718 2395 4772 lorum.
2436 4716 2614 4784 Certe,
2657 4718 2875 4781 fratres,
2898 4714 2950 4771 si
2974 4726 3251 4786 peccatum
3280 4732 3388 4770 non
3412 4714 3556 4786 esset
3578 4714 3780 4769 habere

2201 4786 2427 4842 delicata
2452 4782 2788 4850 vestimenta,
2808 4803 2913 4840 non
2937 4782 3207 4841 laudasset
3236 4786 3489 4839 Dominus
3516 4782 3780 4837 Joannem

2204 4857 2270 4910 de
2298 4858 2591 4926 asperitate
2621 4857 2938 4911 vestimenti.
2971 4857 3049 4909 llli
3088 4857 3177 4925 qui
3204 4855 3406 4926 haben;
3432 4853 3659 4926 delicata
3685 4868 3780 4907 ves

2202 4923 2452 4980 stimenta
2481 4927 2721 4981 serviunt
2744 4934 2959 4981 terreno
2987 4923 3227 4994 νοεῖς(ιυί
3257 4940 3353 4994 pro
3382 4924 3493 4978 Deo
3517 4923 3783 4977 sustinere

2202 5009 2391 5065 aspera
2421 4996 2628 5061 nolunt,
2660 4996 2754 5051 sed
2782 4996 2953 5064 magis
3002 4995 3215 5050 divitias
3254 5002 3311 5048 et
3348 4994 3651 5065 voluptates
3679 5006 3782 5046 sm-

2202 5062 2307 5120 cuii
2348 5071 2645 5130 sectantur,
2695 5074 2751 5119 et
2776 5062 3092 5134 pro'amore
3132 5064 3321 5128 laudis,
3348 5062 3433 5134 vei
3461 5076 3561 5130 pro
3593 5062 3785 5134 timore

2203 5134 2593 5204 persecutionis
2639 5130 2903 5204 castigant
2952 5142 3292 5204 peccatores,
3317 5140 3375 5185 ut
3399 5131 3554 5204 bima
3583 5130 3652 5204 de
3681 5131 3785 5204 isto

2202 5199 2396 5275 saeculo
2424 5203 2725 5275 acquirant.
2742 5199 2847 5275 Sed
2866 5199 2987 5275 quid
3013 5204 3190 5257 existis
3208 5201 3413 5275 cidere?
3435 5199 3786 5275 Brophetqm.’

2203 5289 2318 5327 ecce
2363 5274 2477 5328 dico
2506 5268 2665 5327 't'obis
2710 5273 2826 5342 plus
2871 5268 3024 5342 quam
3069 5272 3388 5342 prophetam.
3433 5268 3785 5342 Ministerium

2201 5343 2417 5467 quidem
2464 5351 2547 5398 est
2573 5340 2848 5425 propheta:
2865 5340 3162 5466 grmdicare
3189 5348 3412 5394 ventura
3439 5379 3453 5404 ,
3486 5354 3590 5393 non
3621 5340 3785 5394 etiam

2238 5420 2569 5467 emonstrare
2589 5412 2775 5467 ditmo.
2794 5412 2863 5467 Se
2907 5410 3141 5466 Joannes
3166 5410 3459 5467 plusquam
3486 5408 3783 5467 propheta;

2238 5408 2775 5480 emonstrare'digito.
2794 5408 3141 5467 SedJoannes
3166 5410 3459 5480 plusquam
3486 5408 3783 5480 propheta;

2201 5482 2325 5550 quia
2374 5482 2519 5537 illum
2569 5478 2727 5550 quem
2770 5481 3015 5551 prmdixit
3061 5478 3448 5551 demonstravit
3476 5478 3785 5551 digito__suo

2202 5546 2506 5620 venientem
2555 5546 2621 5604 ad
2662 5546 3006 5620 bapiismum,
3056 5550 3239 5604 dicens
3282 5550 3300 5617 (
3322 5546 3480 5620 Joan.
3514 5546 3785 5620 i)_:_Ecce

2204 5620 2377 5689 Agnus
2415 5619 2531 5686 Dei,
2563 5637 2677 5675 ecce
2702 5614 2785 5690 qui
2818 5620 2951 5690 tollit
2969 5614 3178 5688 peccata
3208 5614 3409 5690 mundi.
3447 5617 3603 5688 104
3631 5614 3788 5690 Post-

2204 5686 2364 5757 quam
2397 5706 2524 5745 vcro
2567 5686 2820 5746 Dominus
2839 5689 2896 5745 S.
2926 5686 3187 5745 JOanncm
3216 5688 3337 5759 plus
3359 5686 3518 5757 quain
3547 5686 3787 5757 prophe-
