4138 6196
385 382 489 438 9i?

1814 376 2089 433 HOMIIJA
2137 377 2203 432 ll.

3543 389 3649 443 9l8

384 508 493 571 tam
538 509 663 571 esse
703 491 1110 571 demonstravit,
1130 491 1442 571 subiunxit,
1489 491 1715 571 dieens_:
1760 491 1858 545 Hic
1886 501 1973 546 est
2000 498 2046 554 Α
2077 492 2283 549 tissime
2331 493 2552 571 angelus
2595 499 2819 565 exstitit,
2860 501 2981 571 sia
3010 503 3274 571 pravitate
3300 513 3516 560 revocet

383 568 529 621 enim
550 566 619 621 de
645 579 753 634 quo
780 565 1037 633 scriptum
1061 569 1144 618 est
1176 579 1191 614 :
1220 561 1355 634 Ecce
1373 564 1519 615 mitto
1545 563 1783 632 angelum
1804 577 1972 614 meum

384 645 507 689 ante
555 631 739 706 faciem
762 631 923 706 tuam,
952 631 1396 706 qui_pr¢gparabit_
1417 634 1551 706 vium
1578 631 1737 706 tuam_
1757 641 1887 706 ant_e_
1925 640 1972 706 te

385 698 581 770 (Marc.
615 708 676 770 ι).
709 704 942 770 Angelus
965 698 1112 755 enim
1141 700 1342 770 Grgrce,
1376 700 1563 755 Latine
1590 701 1807 753 nuntius
1834 698 1971 770 dici-

384 768 491 828 tur.
519 768 694 839 Recte
720 768 815 840 qui
861 786 1151 839 supernum
1196 768 1438 825 Judicem
1468 770 1723 840 nuntiare,
1738 769 1971 840 mittitur

387 838 612 911 angelus
637 838 877 896 vocatur.
895 838 1092 895 Omnes
1113 840 1253 911 enim
1276 840 1379 911 qui
1394 840 1681 911 praedicant
1698 838 1969 911 Christum

384 921 443 965 et
466 908 692 966 verbum
724 912 815 964 Dei
867 911 1134 973 nuntiant,
1164 910 1250 963 vel
1295 908 1384 978 qui
1414 910 1631 963 nomine
1672 908 1970 978 sacerdotis

386 990 700 1048 censentur,
714 981 887 1049 angeli
910 988 1132 1049 possunt
1150 980 1331 1049 vocari
1348 996 1363 1043 ;
1379 980 1517 1033 sicut
1534 978 1663 1033 dicit
1683 977 1971 1049 Malachias

388 1053 651 1119 propheta
687 1046 863 1119 (cap.
910 1046 1032 1117 it):
1085 1048 1251 1102 Labia
1298 1049 1622 1102 sacerdotum
1678 1046 1973 1119 custodiunt

386 1115 675 1181 icientiam,
706 1115 756 1173 et
785 1115 946 1188 legem
969 1115 1225 1189 quarunt
1269 1133 1335 1172 ea:
1360 1134 1451 1173 ore
1480 1119 1629 1189 ‘ejus,
1680 1124 1730 1170 et
1759 1115 1974 1189 angelus

389 1189 604 1244 Domini
623 1184 936 1244 exercituum
962 1184 1059 1243 ett.
1106 1188 1211 1242 Sed
1242 1197 1439 1249 tamen,
1471 1184 1663 1241 fratres
1690 1184 1972 1249 carissimi,

386 1261 434 1312 si
466 1260 627 1314 vultis
652 1274 767 1321 vos,
800 1267 855 1311 et
881 1259 1107 1327 potestis
1141 1258 1435 1326 promereri
1458 1255 1794 1310 altitudinem
1816 1252 1974 1320 hujus

387 1330 641 1383 nominis.
692 1328 827 1381 Nam
884 1328 1249 1396 unusquisque
1302 1336 1560 1391 vestrum,
1614 1327 1669 1379 in
1717 1331 1976 1393 quantum

386 1406 591 1452 tantam
621 1399 827 1467 accepit
873 1398 1100 1466 gratiam
1145 1395 1340 1451 divina:
1382 1395 1816 1465 dispensationis,
1852 1407 1976 1447 cer-

2077 522 2283 549 ιιδθιιιιυ
2331 522 2552 563 illiscum
2595 522 2819 565 exsucti,
2860 522 2905 554 SI
2952 522 2981 554 ﬂ
3010 522 3274 571 pravuate
3300 522 3516 560 τογυοει
3577 522 3652 562 ΙΊο

2077 577 2250 641 mum,
2283 572 2339 618 et
2367 566 2410 618 si
2432 565 2499 619 ad
2528 566 2664 621 bene
2693 570 3043 641 operantium,
3068 582 3324 641 quantum
3356 574 3499 628 valet
3540 522 3653 630 Fra-

2077 639 2215 685 trem
2244 649 2400 687 suum
2427 644 2578 689 curat
2624 639 2915 705 exhortari,
2967 649 3023 695 et
3066 639 3110 695 si
3137 642 3416 697 denuntiat
3451 646 3657 701 erranti

2075 708 2335 785 internum
2358 716 2579 785 regnum
2593 708 3319 785 veimternumusupplicium.
3338 712 3655 785 Propterea,

2076 768 2271 854 fratres
2298 768 2443 854 mei,
2471 775 2517 829 si
2556 775 2821 854 ad_Deum
2853 768 3099 854 tenditis;
3116 781 3297 836 videte
3328 798 3394 837 ue
3432 768 3498 837 ad
3528 768 3653 839 eum

2074 840 2178 924 soli
2226 844 2459 924 veniatis
2467 860 2481 924 ξ
2512 847 2766 924 suscitate
2794 840 3084 924 proximos
3104 861 3314 924 vestros
3344 868 3445 906 una
3474 854 3654 908 vobis-

2079 922 2210 992 cum‘
2228 910 2307 992 ad.
2322 913 2513 992 gaudia
2526 923 2754 992 aeterna:
2786 910 2839 971 et
2856 920 3040 992 otiosa
3069 922 3332 990 colloquia
3353 925 3653 979 convertite

2079 977 2400 1063 adist‘udium
2416 982 2680 1063 lectionis.
2709 977 3056 1063 Considerate
3082 977 3336 1058 quantum
3367 994 3545 1063 subito
3566 977 3652 1046 fu;

2117 1048 2228 1132 iulnt
2246 1048 2543 1132 dies_hujus
2570 1056 2709 1119 Viue,
2743 1064 2797 1108 et
2824 1060 3080 1132 attendite
3100 1048 3353 1132 quantum
3384 1061 3653 1132 districtus

2111 1115 2249 1199 udex
2290 1115 2624 1199 judicaturus
2670 1115 2840 1199 totum
2887 1115 3140 1183 mundum
3170 1131 3365 1183 veniat.
3410 1131 3566 1186 Certe
3600 1115 3651 1186 tsi

2081 1184 2365 1267 Dominum
2416 1193 2707 1267 secundum
2737 1195 2878 1249 vires
2924 1207 3129 1251 vestras
3180 1201 3355 1255 verbis
3404 1184 3651 1256 etibonis‘

2081 1256 2335 1335 operibus
2381 1263 2728 1335 annuntietis,
2766 1272 3041 1335 ,mtemum
3090 1269 3338 1335 gaudium
3382 1285 3501 1326 cum
3528 1285 3651 1323 san-

2080 1330 2447 1461 g‘izwungelis
2502 1333 2837 1403 percipietis,
2904 1336 3048 1404 quod
3094 1330 3219 1408 ipse
3269 1348 3521 1409 praestare
3566 1338 3651 1394 di-

2072 1408 2294 1449 inetur.

1785 1520 2131 1582 HOMILIA
2175 1524 2255 1584 ll.

635 1628 803 1698 Super
841 1626 1176 1699 Evangelium
1197 1628 1361 1681 sancti
1380 1626 1603 1681 Joannis
1625 1640 1739 1695 cap.
1773 1638 1811 1677 ιι
1848 1639 1861 1673 :
1902 1618 1969 1673 In
1996 1620 2087 1674 illo
2114 1632 2335 1693 tempore
2363 1631 2557 1700 πυρεῖα»
2576 1633 2730 1703 [actm
2756 1645 2876 1689 szmt
2909 1638 2962 1689 iu
2991 1636 3134 1691 Caua
3157 1634 3405 1693 Calilww.

392 1765 786 1819 Ακαωιεκτωι.
828 1789 901 1801 —-
939 1757 1043 1811 Cur
1069 1755 1302 1811 Christus
1332 1755 1574 1810 Senator
1599 1758 1735 1809 venit
1771 1753 1839 1806 ad
1876 1767 1971 1804 nu-

2085 1753 2306 1836 diaboii,
2336 1769 2419 1836 _et_
2446 1763 2561 1817 ista:
2599 1780 2691 1819 sex
2732 1766 2934 1836 hydrize
2979 1765 3281 1836 rsignilicant
3326 1782 3418 1822 sex
3463 1777 3650 1826 natatos

398 1846 399 1849 ‘
463 1833 633 1904 ptias?
661 1830 966 1910 Dii-patrato
992 1827 1053 1879 ab
1080 1828 1258 1910 eodem
1280 1827 1795 1910 cummi-signinum“;
1814 1826 1867 1910 in
1896 1822 1972 1910 ρξ’
2008 1824 2051 1883 Β
2079 1822 2299 1910 mundi.
2334 1822 2918 1910 Prima_mtas__mundi
2955 1822 3063 1910 iuit
3104 1836 3169 1890 ab
3191 1836 3357 1890 Adam
3388 1822 3559 1907 usque
3574 1822 3649 1896 ad

468 1893 587 1955 num
610 1893 872 1971 prodigio,
900 1898 1057 1967 deque
1076 1898 1334 1967 spirituali
1363 1893 1740 1968 signiﬁcatione
1759 1893 1972 1965 hydria-

463 1989 576 2025 rum
597 1986 710 2024 θέε.

372 2120 375 2121 ⁷
463 2104 913 2173 Quotiescunque,
951 2103 1142 2158 fratres
1182 2102 1595 2173 carissimi,nos
1624 2100 1847 2173 legimus
1870 2097 1978 2153 Re-

393 2169 731 2244 deuiptorem
756 2169 995 2229 nostrum
1015 2174 1228 2227 venisse
1254 2173 1319 2226 ad
1337 2172 1567 2244 nuptias,
1594 2186 1699 2244 non
1721 2169 1975 2244 debemus

395 2238 663 2299 :estituare
690 2244 831 2312 quod
860 2245 1061 2297 faceret
1109 2250 1329 2312 propter
1371 2238 1780 2312 delectationem
1819 2238 1972 2304 gulae,

394 2317 535 2370 sicut
563 2308 828 2367 faciebant
855 2313 1042 2367 scribae
1077 2308 1131 2367 et
1158 2308 1429 2375 Pharisxci,
1455 2310 1546 2379 qui
1574 2308 1972 2379 dicebanteum

394 2399 515 2440 esse
542 2383 814 2438 ebriosum
858 2389 914 2437 et
942 2382 1172 2436 amicum
1212 2375 1649 2451 publicanorum;
1681 2375 1776 2451 sed
1813 2377 1975 2451 debe-

395 2470 513 2507 mus
534 2468 655 2507 eum
703 2452 923 2507 credere
960 2451 1173 2505 venisse
1216 2446 1326 2519 ‘pro
1378 2448 1646 2503 lucrandis
1672 2446 1970 2519 animabus.

395 2523 548 2577 Sicut
579 2522 720 2575 enim
751 2520 945 2575 doctus
971 2521 1205 2589 piscator
1228 2516 1285 2573 et
1314 2520 1527 2587 sapiens
1556 2526 1786 2589 venator
1808 2516 1975 2589 tendit

402 2593 537 2647 retia
565 2607 661 2644 sua
692 2592 743 2644 in
771 2590 862 2644 illo
892 2586 1010 2645 loco
1038 2590 1124 2643 ubi
1167 2586 1439 2656 cognoscit
1467 2588 1650 2641 venire
1681 2587 1877 2639 multos
1902 2586 1976 2656 pi-

394 2677 516 2716 sces
543 2669 635 2714 aut
661 2659 851 2715 multas
880 2674 1006 2714 aves
1027 2668 1119 2712 aut
1142 2659 1357 2721 bestias,
1372 2666 1428 2710 ut
1448 2658 1655 2726 aliquos
1682 2672 1749 2710 ex
1778 2657 1854 2726 gis
1881 2672 1972 2711 ca-

398 2732 512 2800 piat
538 2731 750 2800 quando
778 2729 931 2800 multi
958 2728 1423 2800 congregabantur
1449 2745 1461 2779 :
1489 2724 1568 2800 itan
1589 2724 1972 2800 voluit_Dom_i-_

399 2795 503 2854 itus
548 2795 731 2854 venire
779 2799 845 2852 ad
874 2795 1178 2853 convivium
1205 2798 1291 2851 vel
1320 2796 1385 2849 ad
1421 2796 1652 2864 nuptias,
1686 2795 1774 2849 ubi
1821 2796 1974 2849 multi

397 2870 809 2937 conveniebant,
838 2875 895 2921 ut
936 2876 1153 2936 caperet
1192 2867 1400 2935 aliquos
1429 2880 1638 2937 eorum_
1656 2864 1817 2937 verbo
1865 2879 1975 2919 sua:

397 2933 806 3009 prmdicatiouisL
830 2933 1190 3009 Spiritualiter
1209 2933 1339 2991 vero
1366 2933 1868 3009 quundoDominus
1881 2950 1974 2988 ve-

397 3003 477 3062 nit
506 3010 559 3061 in
589 3008 842 3062 mundum
863 3003 1059 3061 defecit
1084 3007 1287 3071 vinum,
1304 3003 1428 3074 quia
1440 3004 1606 3058 Ιηόωὶ
1629 3003 1975 3074 perdiderunt

398 3077 737 3134 dulcedinem
769 3078 918 3145 legis,
949 3092 1107 3145 quam
1141 3076 1287 3145 prius
1314 3072 1600 3145 habebant.
1634 3072 1772 3127 Dicit
1790 3074 1861 3145 ei
1886 3072 1975 3128 Je-

396 3164 488 3203 sus
520 3167 533 3201 :
560 3146 698 3211 Quid
716 3142 843 3201 mihi
867 3157 912 3199 et
935 3142 1025 3201 tibi
1067 3142 1161 3210 est,
1191 3144 1413 3198 mulier?
1433 3142 1661 3196 nondum
1688 3143 1823 3197 venit
1844 3143 1971 3196 liora

394 3235 509 3271 utea
531 3218 708 3284 (Joan.
745 3218 824 3282 ιι).
855 3216 973 3271 Non
1000 3215 1252 3271 debemus
1272 3213 1537 3268 uastimare
1557 3213 1698 3284 quod
1717 3213 1972 3267 Dominus

396 3283 773 3342 inhonorasset
812 3295 1037 3341 matrem
1064 3301 1236 3352 suam,
1266 3285 1358 3352 qui
1383 3284 1536 3352 jubet
1582 3283 1849 3337 honorare
1878 3297 1972 3351 pa-

396 3366 595 3411 rentes.
628 3355 732 3411 Sed
778 3365 997 3426 propter
1045 3356 1147 3410 hoc
1174 3354 1303 3410 dicit
1342 3352 1596 3426 eihistud,
1631 3353 1974 3426 _ut_elevaret

396 3435 629 3481 mentem
673 3421 794 3493 ejus
835 3421 899 3479 ad
928 3426 1177 3479 virtutem
1227 3439 1335 3477 sum
1380 3422 1690 3493 divinitatis.
1716 3421 1845 3475 Tale
1891 3430 1975 3475 est

393 3497 549 3564 quasi
580 3492 783 3550 diceret
832 3496 906 3548 illi
943 3494 1199 3549 Dominus
1228 3512 1240 3546 :
1274 3494 1496 3556 Mulier,
1526 3492 1653 3564 quid
1691 3506 1973 3564 commune

392 3561 477 3619 est
500 3573 603 3619 tua:
632 3565 917 3618 humilitati
940 3580 1060 3618 cum
1084 3564 1380 3617 miraculo?
1408 3561 1550 3630 quod
1571 3562 1763 3629 quaeris
1783 3561 1973 3614 divina:

394 3636 606 3688 virtutis
634 3642 733 3697 est,
759 3649 922 3703 opera
938 3635 1162 3688 virtutes
1187 3641 1241 3687 et
1262 3633 1537 3686 miracula.
1561 3632 1803 3703 Nondum
1827 3631 1974 3684 venit

396 3706 530 3758 hora
560 3718 698 3765 mea,
732 3704 783 3757 id
796 3700 907 3765 'est,
941 3704 1175 3757 nondum
1199 3704 1346 3756 venit
1373 3704 1503 3755 hora
1526 3700 1792 3770 passionis
1818 3715 1971 3767 meae,

394 3790 517 3827 cum
560 3780 747 3842 aperte
775 3772 1111 3827 manifestem
1134 3772 1260 3842 quid
1290 3772 1460 3842 possit
1490 3771 1793 3825 humanitas
1812 3784 1972 3842 quam

392 3858 497 3911 ego
525 3839 608 3896 de
622 3851 674 3895 te
694 3843 895 3912 accepi.
925 3842 1054 3907 Qum
1079 3839 1212 3912 hora
1227 3839 1366 3912 tunc
1409 3841 1625 3912 impleta
1653 3847 1736 3894 est
1759 3839 1974 3909 quando

395 3914 636 3980 pendens
674 3912 729 3965 in
772 3910 931 3966 cruce
968 3912 1139 3964 dixit:
1186 3910 1393 3973 Mulier,
1423 3926 1535 3963 ecce
1563 3911 1702 3967 filius
1736 3918 1880 3974 tuus;
1912 3924 1975 3964 ac

394 3982 440 4036 si
466 3982 668 4035 diceret
701 3999 713 4034 :
748 3995 873 4036 ecce
910 3980 1056 4049 quod
1099 3995 1166 4034 ex
1197 3989 1249 4034 te
1294 3981 1576 4049 assumpsi,
1609 3980 1719 4049 pati
1755 3988 1809 4033 et
1837 3980 1974 4034 mori

397 4058 603 4121 potest;
628 4050 938 4121 miraculum
967 4050 1109 4121 quod
1138 4050 1351 4121 qumris,
1382 4049 1510 4121 sine
1542 4050 1820 4121 divinitate
1845 4065 1976 4121 ope-

367 4142 373 4147 ι
398 4117 508 4173 rari
531 4136 635 4173 non
663 4128 860 4188 potest.
893 4118 1031 4174 Dicit
1052 4117 1221 4188 mater
1240 4120 1354 4187 ejus
1382 4119 1640 4188 ministris
1664 4137 1676 4170 :
1710 4117 1981 4181 Quodcun-

396 4205 497 4260 que
516 4187 703 4243 dixerit
730 4191 866 4243 vobis
889 4190 1053 4260 facite
1073 4187 1281 4260 (Ibid).
1315 4188 1507 4260 Sancta
1530 4187 1692 4240 Maria
1716 4188 1978 4241 intellexit

403 4258 456 4311 in
488 4259 590 4312 illis
624 4260 818 4325 verbis,
850 4258 995 4327 quod
1020 4258 1282 4312 Dominus
1316 4258 1448 4310 dixit
1470 4272 1529 4310 se
1554 4273 1659 4310 non
1688 4272 1974 4327 exaspera-

398 4337 530 4391 tam,
553 4336 607 4382 et
634 4339 852 4398 propter
874 4326 978 4398 hoc
1006 4342 1125 4382 cum
1158 4328 1347 4398 fiducia
1368 4327 1502 4380 dixit
1528 4327 1786 4398 ministris
1807 4334 1865 4379 ut
1892 4326 1978 4398 Afa-

399 4406 589 4452 cerent
609 4396 872 4467 przeccpta
906 4396 997 4451 lilii
1027 4398 1127 4451 sui.
1160 4396 1328 4450 Erant
1351 4404 1528 4467 autem
1556 4397 1626 4449 ibi
1650 4396 1867 4467 lapidea:
1890 4396 1981 4466 hy-

372 4492 377 4497 -
403 4468 531 4520 dria:
554 4464 649 4521 se'x
688 4464 875 4536 positas
900 4467 1188 4521 secundum
1211 4465 1632 4536 purilicatiouem
1654 4464 1977 4529 Judreorum,

404 4537 675 4606 capientes
693 4534 913 4606 singula:
935 4545 1186 4606 metretas
1207 4534 1359 4591 binas
1385 4534 1471 4591 vel
1496 4543 1695 4590 ternas.
1721 4536 1834 4590 Mos
1863 4543 1979 4590 erat

404 4604 707 4660 Judzeorum
736 4604 818 4661 vel
866 4607 1098 4660 maxime
1126 4604 1517 4660 Phariszeorum
1542 4614 1599 4658 ut
1644 4607 1695 4658 in
1719 4607 1980 4660 conviviis

404 4685 569 4744 atque
594 4677 646 4730 in
678 4678 872 4744 nuptiis
892 4690 1018 4730 vasa
1046 4676 1202 4745 plena
1233 4691 1353 4730 cum
1403 4690 1540 4745 aqua
1560 4684 1855 4745 pneparata
1885 4676 1981 4745 has

405 4743 595 4799 herent
616 4743 839 4816 propter
866 4743 1185 4816 lavaiionem
1208 4743 1477 4816 manuum,
1502 4753 1593 4816 aut
1620 4744 1816 4816 aliquid
1833 4743 1978 4816 quod

406 4811 763 4869 necessarium
789 4823 950 4870 esset.
980 4814 1118 4869 Dicit
1155 4817 1231 4871 eis
1259 4814 1411 4869 Jesus
1442 4832 1455 4868 :
1500 4811 1715 4882 Implete
1764 4813 1977 4883 Izydrias

406 4901 562 4953 aqua.
595 4883 659 4937 Et
680 4886 1036 4954 impleverunt
1062 4902 1154 4940 eas
1181 4900 1350 4954 usque
1380 4885 1445 4937 ad
1468 4899 1753 4949 summum,
1780 4898 1898 4954 quae
1927 4884 1977 4936 in

405 4955 587 5006 vinum
616 4953 886 5009 conversm
924 4963 1063 5008 sunt.
1107 4953 1285 5021 Certe,
1320 4953 1500 5008 fideles
1540 4953 1817 5015 carissimi,
1842 4953 1980 5006 bene

406 5031 622 5093 poterat
663 5022 920 5078 Dominus
966 5026 1187 5094 implere
1214 5026 1339 5078 vino
1394 5023 1607 5094 hydrias
1660 5038 1778 5091 quae
1825 5031 1981 5077 erant

366 5118 369 5119 ν
408 5108 608 5157 vacuae,
640 5094 729 5161 qui
750 5094 817 5148 de
845 5094 1012 5149 nihilo
1041 5094 1242 5148 creavit
1268 5094 1443 5147 omnia
1467 5100 1752 5162 antequam
1780 5100 1977 5158 essent;

408 5162 502 5216 sed
532 5164 787 5233 praecepit
825 5166 973 5233 prius
1014 5172 1073 5217 ut
1121 5163 1470 5233 implerentur
1511 5177 1679 5233 aqua,
1714 5171 1980 5233 etupnstea

405 5232 674 5287 convertit
702 5231 756 5286 in
783 5231 982 5287 vinum.
1016 5233 1132 5287 Hoc
1172 5231 1432 5299 Significat
1458 5232 1581 5300 quia
1611 5231 1826 5300 quando
1878 5231 1982 5285 Do-

408 5302 586 5356 minus
615 5310 798 5357 noster
818 5302 960 5356 venit
988 5303 1041 5355 in
1066 5310 1283 5368 terram,
1317 5316 1422 5354 non
1451 5300 1599 5354 dedit
1621 5303 1778 5355 aliam
1809 5302 1980 5369 legem

409 5371 511 5441 nisi
537 5371 681 5425 illam
711 5386 871 5440 quam
900 5371 1123 5425 dederat
1158 5387 1255 5441 per
1282 5385 1495 5424 servum
1536 5386 1689 5424 suum
1739 5370 1977 5440 Moysen,

406 5439 503 5494 sed
531 5439 740 5509 aperuit
764 5441 1092 5510 spiritualem
1118 5439 1542 5507 intelligentiam,
1568 5455 1687 5508 quae
1715 5439 1839 5493 erat
1860 5443 1982 5494 ahs-

404 5511 622 5566 condita
652 5511 702 5564 in
744 5511 856 5579 ipsa
888 5511 1024 5579 lege.
1057 5511 1412 5579 Spiritualiter
1443 5518 1618 5563 tamen
1648 5511 1759 5580 ista:
1779 5510 1981 5580 hydria:

407 5580 710 5647 significant
737 5580 896 5635 corda
925 5591 1229 5635 sanctorum
1256 5580 1553 5641 doctorum,
1581 5580 1672 5646 qui
1702 5579 1899 5633 habent
1930 5582 1981 5634 in

406 5666 468 5704 se
493 5663 706 5717 aquam,
756 5650 807 5703 id
849 5659 932 5704 est
979 5650 1254 5705 scientiam
1282 5649 1697 5717 Scripturarum,
1724 5658 1778 5703 et
1808 5650 1857 5702 iu
1879 5650 1983 5705 hoc

404 5719 553 5787 quod
573 5717 781 5773 fuerant
804 5720 1025 5788 lapideae
1035 5734 1146 5783 sex,
1165 5718 1634 5788 signiticantcorda
1651 5728 1978 5784 sanctorum,

405 5786 533 5857 qua:
557 5797 680 5842 sunt
709 5786 921 5861 semper
966 5788 1117 5843 firma
1158 5798 1212 5844 et
1250 5786 1405 5844 fortia
1433 5796 1617 5843 contra
1659 5790 1982 5845 tentatiuues

2008 4504 2058 4563 D

2079 1893 2219 1977 Noe;
2249 1901 2482 1977 secunda
2513 1901 2610 1977 fuit
2631 1919 2660 1956 a
2689 1904 2801 1958 Noe
2850 1905 3002 1977 105
3058 1921 3225 1977 usque
3254 1907 3321 1960 ad
3350 1893 3647 1977 Abraham;

2078 1968 2240 2054 teut-ia
2276 1968 2359 2054 ab
2372 1968 2639 2054 Abraham
2667 1987 2833 2054 usque
2853 1968 2932 2027 ad
2954 1968 3362 2054 Davidiquarta
3415 1991 3463 2054 a_
3486 1968 3651 2034 David

2078 2037 2361 2117 usquead
2408 2037 2931 2117 transmigrationem
3012 2037 3326 2117 Babylonis;
3375 2046 3559 2117 quinta
3616 2062 3649 2102 a

2077 2109 2544 2185 transmigratiwe
2636 2112 2922 2183 Babylonis
2988 2109 3154 2182 usque
3220 2115 3287 2168 ad
3363 2109 3649 2185 adventum

2076 2172 2273 2252 Christi
2306 2172 2369 2252 in
2419 2194 2581 2252 carne
2624 2196 2639 2236 :
2682 2172 2849 2252 scita,
2883 2190 3012 2235 tetas
3067 2172 3150 2236 est
3201 2198 3316 2252 qun:
3341 2182 3499 2237 modo
3529 2200 3649 2252 per-

2076 2198 2273 2227 ωιι-ιδιι
2319 2198 2369 2231 ιη
2419 2198 2581 2235 carne
2624 2198 2639 2236 :
2682 2198 2829 2236 sexta
2883 2198 3012 2235 tetas
3068 2198 3150 2236 es;
3201 2198 3316 2235 tua:
3341 2198 3499 2237 mouo
3529 2200 3645 2252 per-

2076 2250 2259 2325 inauet
2304 2246 2370 2325 ab
2417 2248 2649 2325 adventu
2702 2250 2911 2325 Domini
2950 2266 3117 2325 usque
3156 2198 3234 2325 adl
3266 2249 3645 2325 linems'cculi.

2074 2310 2133 2392 in
2178 2315 2422 2370 omnibus
2464 2317 2604 2392 _istis
2670 2321 2916 2392 mtatibus
2983 2310 3129 2374 misit
3194 2320 3335 2392 Deus
3401 2322 3648 2392 omnipo-

2058 2388 2193 2459 tens
2221 2393 2435 2459 sanctos
2464 2387 2724 2459 homines,
2756 2390 2848 2457 qui
2876 2406 3087 2459 semper
3112 2387 3645 2459 prmdicaveruut'di-

2074 2450 2213 2530 viuu
2227 2452 2459 2530 eloquia.
2475 2455 2546 2530 Διη
2574 2450 2746 2530 prima
2775 2450 2934 2513 altato
2955 2450 3143 2530 mundi
3173 2459 3413 2526 legimus,
3439 2462 3531 2530 qui
3570 2461 3647 2517 fe-

2075 2520 2149 2600 cit
2178 2520 2318 2577 Deus
2334 2520 2617 2600 hominem
2640 2528 2707 2600 de
2734 2536 2873 2583 terra
2904 2527 2973 2600 ad
3004 2520 3286 2600 imaginem
3315 2537 3367 2583 et
3393 2520 3645 2600 similitu-

2075 2588 2254 2644 dinem
2280 2610 2463 2666 suam,
2495 2605 2552 2651 et
2589 2598 2655 2651 de
2685 2598 2852 2652 latere
2894 2598 3027 2665 ejus,
3065 2588 3156 2666 qui
3184 2598 3500 2663 dormiebat,
3525 2600 3647 2655 tulit

2075 2674 2234 2740 unam
2263 2662 2330 2715 de
2345 2667 2520 2740 _costis
2548 2666 2662 2740 ejus
2686 2676 2741 2720 et
2767 2666 2892 2721 fecit
2919 2662 3104 2740 Evam.
3137 2668 3204 2740 Et
3248 2677 3370 2737 post
3407 2669 3521 2740 hinc
3548 2685 3647 2740 po-

2074 2733 2181 2806 suit
2205 2745 2312 2806 eos_
2342 2733 2394 2806 in
2424 2737 2691 2803 paradiso,
2712 2744 2789 2806 iet
2816 2739 3067 2806 prtecepit
3101 2738 3177 2791 eis
3206 2733 3263 2790 ut
3302 2733 3645 2794 coniedereut

2074 2797 2141 2881 de
2170 2801 2315 2881 omni
2361 2797 2532 2881 fructu
2563 2797 2831 2874 paradisi:
2858 2807 2950 2861 sed
2979 2797 3045 2881 (ie
3075 2808 3216 2874 ligno
3243 2807 3479 2881 scientia:
3517 2808 3643 2864 boui

2074 2875 2130 2920 et
2150 2870 2547 2943 maliprmcepit
2567 2870 2635 2929 ne
2655 2882 2952 2943 tangerent.
2980 2870 3167 2930 Postea
3198 2876 3446 2931 seductus
3472 2891 3501 2931 a
3530 2893 3645 2933 ser-

2076 2946 2253 3015 pente,
2280 2938 2438 3015 idest
2468 2938 2497 2997 a
2526 2938 2773 3015 diabolq;
2792 2944 3017 3000 fructum
3045 2950 3137 3015 qui
3166 2947 3241 3001 eis
3264 2946 3359 2999 fuit
3389 2947 3641 3002 interdic-

2077 3014 2165 3090 tus
2181 3009 2938 3090 .manducaverunt._idcirco_
2961 3009 3126 3070 iratus
3155 3022 3236 3070 est
3268 3015 3559 3090 Dominus,
3590 3024 3646 3073 et

2075 3082 2301 3155 proiecit
2326 3095 2419 3134 eos
2446 3082 2512 3136 de
2539 3084 2809 3155 paradiso.
2841 3085 3153 3155 Quicunque
3184 3084 3411 3155 audierit
3440 3087 3559 3149 ista,
3590 3094 3646 3139 et

2076 3149 2314 3228 timuerit
2356 3149 2649 3228 transgi-edi
2684 3149 3030 3228 praeceptum
3059 3149 3289 3217 Domini,
3323 3154 3646 3228 iile__iuveuit

2074 3222 2128 3302 in
2145 3222 2787 3302 primaaitatehhydriain
2813 3222 2950 3302 aqua
2980 3224 3193 3302 plenam
3214 3224 3535 3302 ;“etsi.illam
3564 3224 3646 3277 iu-

2072 3288 2237 3349 venit,
2263 3288 2611 3356 spiritualiter
2631 3288 2893 3344 intellexit
2920 3288 3015 3356 per
3044 3292 3206 3343 Adam
3236 3291 3515 3346 Dominum
3546 3308 3644 3346 no-

2076 3308 2237 3349 velut,
2263 3308 2611 3356 Spiritualiter
2631 3308 2893 3344 intellexti.
2957 3308 3015 3344 er
3044 3308 3206 3343 Adam
3236 3308 3515 3346 uommum
3546 3308 3644 3346 no-

2072 3361 2259 3434 strum,
2292 3359 2383 3434 qui
2426 3361 2635 3429 accepit
2664 3375 2880 3434 gruem
2910 3308 2975 3413 Συ
3004 3359 3240 3425 Virgine,
3275 3369 3334 3434 et_
3355 3376 3450 3427 per
3481 3361 3645 3434 Evam

2073 3424 2334 3495 intellexit
2378 3424 2618 3483 sanctam
2665 3428 2980 3495 Ecclesium,
3023 3424 3140 3495 qua:
3186 3438 3271 3483 est
3309 3424 3534 3483 formata
3580 3431 3646 3485 de

2075 3492 2373 3567 Virgineet
2399 3498 2465 3553 de
2495 3499 2663 3553 latere
2692 3498 2890 3555 Christi
2918 3492 3196 3567 pendentis
3216 3498 3267 3551 in
3308 3512 3485 3552 cruce.
3519 3497 3645 3552 Sta-

2074 3571 2171 3615 tun
2212 3564 2452 3635 hydriam
2496 3584 2652 3623 versa
2699 3576 2782 3623 est
2823 3568 2875 3622 in
2919 3564 3120 3628 viuum,
3168 3581 3286 3688 quae
3330 3575 3446 3619 erat
3489 3569 3645 3636 plena

2075 3646 2230 3688 aqua.
2264 3635 2319 3688 lu
2356 3636 2587 3688 secunda
2618 3646 2774 3688 aetate
2805 3637 3027 3688 legimus
3052 3651 3176 3688 num
3224 3636 3479 3688 Dominus
3506 3652 3643 3688 one-

2075 3646 2230 3704 aqua.
2250 3635 2319 3704 in
2356 3636 2587 3691 secunda
2618 3646 2774 3691 aelate
2805 3637 3027 3704 legimus
3052 3635 3191 3704 quod
3224 3636 3479 3689 Dominus

2074 3702 2217 3776 cepit
2244 3703 2357 3776 Noe
2386 3714 2443 3760 ut
2470 3722 2566 3776 per
2593 3707 2847 3761 diluvium
2865 3702 3083 3762 faceret
3105 3720 3316 3776 arcam;
3352 3712 3409 3776 et
3433 3702 3646 3759 volebat

2075 3771 2289 3827 mittere
2331 3771 2631 3845 inici-ram,
2661 3777 2784 3845 quia
2834 3791 3021 3829 omnes
3068 3775 3310 3845 homines
3338 3772 3646 3845 dimiserant

2077 3852 2341 3913 praecepta
2388 3844 2503 3910 Dei,
2542 3854 2596 3899 ct
2636 3842 2995 3913 operabantur
3023 3845 3237 3898 malum.
3271 3842 3519 3912 Quisquis
3547 3860 3645 3897 au-

2076 3910 2233 3990 dierit
2253 3910 2378 3979 ista,
2408 3910 2979 3990 et_desiderat_sal_vari
3009 3930 3134 3990 cuni
3157 3915 3339 3983 paucis
3365 3910 3524 3990 quam
3545 3928 3648 3990 pc-

2075 3982 2183 4034 rire
2209 3998 2329 4037 cum
2375 3984 2570 4049 multis,
2614 3985 2817 4037 invenit
2858 3985 2910 4037 iu
2940 3982 3171 4037 secunda
3218 3990 3376 4037 :etzite
3406 3983 3646 4049 hydriam

2081 4000 2183 4034 ru'e
2209 4000 2329 4037 cum
2375 4000 2570 4049 mutus,
2614 4000 2817 4037 invenit
2858 4002 2910 4037 ιη
2940 4000 3171 4037 secunda
3218 4000 3376 4037 ωιςιιρ
3408 4000 3438 4036 ιι
3463 4000 3645 4038 'nriam

2081 4049 2290 4123 plenam
2320 4068 2455 4121 aqua
2483 4062 2581 4123 ;et
2608 4054 2652 4107 si
2690 4055 2914 4107 voluerit
2944 4052 3289 4123 spiritualiter
3332 4000 3645 4120 intelligere,

2079 4134 2176 4186 per
2202 4121 2332 4189 Noe,
2362 4123 2452 4189 qui
2500 4122 2776 4176 fabricavit
2817 4121 3012 4185 arcam,
3060 4123 3342 4175 Dominum
3388 4132 3648 4189 nostrum,

2079 4189 2168 4261 qui
2200 4188 2297 4261 fuit
2325 4188 2614 4261 fabricator
2640 4198 2693 4261 ct
2720 4200 2896 4261 rector
2923 4197 3120 4261 sancta:
3151 4189 3432 4253 Ecclesim;
3462 4200 3518 4261 _et
3557 4207 3651 4261 per

2078 4256 2333 4329 diluvium
2363 4260 2503 4329 quod
2532 4259 2746 4313 volebat
2788 4259 3087 4329 mitterehiu
3111 4266 3327 4329 terram,
3360 4267 3416 4329 et
3445 4256 3651 4328 disper-

2080 4325 2207 4381 dere
2253 4325 2566 4397 peccatores
2594 4329 2855 4390 homines,
2888 4326 3198 4393 intelligitur
3224 4325 3562 4397 baptismum,
3596 4329 3648 4381 iu

2082 4409 2189 4462 quo
2218 4396 2433 4466 peccata
2460 4397 2824 4452 destruuutur.
2849 4397 2941 4450 ille
2970 4398 3059 4465 qui
3088 4397 3434 4466 spiritualiter
3454 4396 3551 4449 ista
3574 4397 3651 4451 sic

2086 4465 2350 4534 intelligit,
2391 4469 2551 4521 habet
2593 4476 2850 4522 mutatam
2889 4466 3130 4537 hydriam
3176 4465 3460 4537 iuviuum,
3490 4480 3649 4537 quam

2084 4537 2310 4605 primum
2341 4537 2572 4592 habebat
2598 4539 2810 4607 plenam
2840 4535 2994 4605 aqua.
3026 4536 3082 4590 lu
3127 4536 3282 4607 tertia
3318 4542 3474 4587 celate
3522 4535 3651 4601 legi-

2081 4623 2199 4661 mus
2223 4608 2348 4675 quia
2380 4606 2632 4678 praecepit
2661 4608 2886 4661 Abrahze
2917 4616 2973 4661 ut
2999 4608 3170 4678 exiret
3195 4606 3260 4659 de
3289 4614 3428 4678 terra
3455 4619 3651 4671 cogna-

2084 4674 2253 4730 tionis
2272 4674 2465 4731 sum'et
2489 4674 2743 4732 de'domo
2782 4678 2949 4745 patris
2978 4677 3090 4738 sui;
3118 4684 3173 4731 et
3200 4675 3346 4728 venit
3371 4674 3424 4727 iu
3456 4681 3649 4745 [curam

2080 4760 2241 4813 quam
2273 4746 2386 4812 ipse
2413 4742 2809 4799 demonstraret
2848 4745 2917 4809 ei,
2949 4750 3001 4797 et
3042 4746 3153 4813 ipse
3182 4744 3378 4813 statim,
3412 4749 3469 4813 ut
3515 4742 3652 4798 Deus

2083 4815 2331 4882 prmcepit
2378 4814 2446 4878 ei,
2490 4815 2595 4869 hoc
2643 4814 2784 4868 fecit.
2817 4813 3130 4882 Quicunque
3174 4812 3401 4882 audierit
3446 4812 3567 4882 ista,
3600 4822 3653 4867 et

2081 4881 2335 4950 cogitavit
2364 4884 2415 4937 in
2443 4884 2603 4938 corde
2631 4900 2728 4937 suo
2751 4898 2869 4937 cum
2891 4881 3091 4951 quanto
3126 4882 3302 4937 studio
3327 4881 3518 4935 debeat
3543 4881 3654 4937 Deo

2082 4953 2319 5015 obedire,
2345 4953 2509 5007 habet
2540 4953 2592 5006 in
2614 4956 2769 5008 tertia
2795 4960 2953 5007 :ctate
2983 4952 3221 5022 hydriam
3241 4965 3383 5022 aqua
3407 4952 3651 5022 plenam;

2083 5030 2137 5075 et
2158 5022 2203 5075 si
2226 5023 2575 5091 spiritualiter
2604 5023 2712 5076 vult
2742 5019 3036 5089 intelligere
3064 5036 3160 5091 per
3190 5020 3455 5074 Abraham
3486 5019 3653 5077 Deum

2083 5090 2317 5157 Patrem,
2349 5094 2537 5163 hydria
2559 5101 2792 5163 mutatur
2820 5093 2870 5145 in
2902 5090 3283 5163 vinum,qu_am
3312 5090 3460 5163 prius
3486 5091 3653 5163 habet

2082 5164 2174 5217 bat
2201 5160 2413 5233 plenam
2444 5161 2679 5233 aqua._lu
2703 5171 2892 5233 quarta
2914 5168 3073 5233 mtate
3104 5160 3324 5233 legimus
3345 5160 3468 5233 quia
3492 5160 3655 5233 David

2086 5229 2317 5297 fuitrex,
2350 5234 2441 5301 qui
2465 5229 2564 5286 fuit
2604 5231 2839 5295 humilis,
2865 5239 2919 5283 et
2941 5230 3270 5301 misericors,
3304 5236 3357 5283 et
3378 5229 3468 5300 qui
3498 5229 3655 5301 susti-

2087 5303 2199 5356 nuit
2227 5297 2446 5356 multam
2475 5301 2775 5370 passionem
2801 5307 2855 5370 et
2887 5299 3282 5370 tribulationem
3311 5312 3341 5351 a
3370 5297 3496 5370 rege
3525 5297 3656 5370 δίψη

2083 5372 2152 5426 le.
2186 5366 2498 5440 Quicunque
2526 5371 2625 5423 ista
2651 5369 2897 5440 audierit,
2926 5376 2981 5422 et
3008 5367 3235 5423 voluerit
3254 5367 3411 5440 sequi
3441 5366 3654 5419 humili-

2086 5436 2247 5495 tatem
2280 5436 2465 5506 David,
2498 5439 2699 5493 invenit
2742 5438 2793 5491 in
2837 5444 3027 5506 quarta
3066 5444 3223 5491 (etate
3252 5436 3505 5507 hydriam
3522 5450 3656 5503 aqua

2084 5511 2294 5581 plenam
2322 5526 2335 5574 ;
2374 5511 2419 5581 _si
2449 5504 2803 5581 spiritualiter,
2822 5504 2935 5562 vult
2964 5504 3656 5581 intelligereipeqsalulem

2086 5573 2338 5650 pOpnlum
2366 5573 2808 5650 Judﬁcorum,qui
2834 5573 3154 5650 persecutus
3170 5584 3251 5631 est
3276 5573 3574 5650 Dominum,
3604 5581 3656 5650 et

2085 5643 2183 5720 per
2213 5650 2378 5703 David
2404 5651 2515 5704 vult
2545 5643 2847 5714 intelligere
2869 5648 3151 5720 Dominum
3183 5644 3563 5720 nostruni,_qui
3585 5643 3657 5693 di-

2084 5712 2275 5786 gnatus
2297 5728 2379 5773 est
2399 5734 2555 5773 orare
2578 5733 2674 5787 pro
2694 5712 3128 5788 persecutoribus
3158 5714 3285 5775 suis,
3310 5712 3471 5788 habet
3496 5726 3656 5788 quin}

2084 5777 2193 5842 tam
2222 5789 2462 5857 hydriam
2489 5777 2743 5844 mutatam
2787 5788 2839 5843 iu
2867 5787 3066 5848 viuum,
3097 5797 3213 5852 quae
3240 5781 3389 5850 prius
3424 5777 3658 5835 habebat

3544 3652 3643 3708 ηδ’·
3715 3697 3735 3708 .
